2974 4950
362 303 424 358 [ΛΒ.
442 301 475 356 V.
511 301 575 358 Car.
595 301 805 358 XVIII-XIX.
841 305 870 368 ἐξ
890 307 1000 356 48-50.
1200 305 1262 368 249

90 473 325 552 vehebantur,
348 473 406 538 sed
423 472 499 556 quia
513 473 620 538 multa
636 495 671 538 se
688 473 770 538 scire
786 473 1038 558 profitebantur,
1059 479 1098 536 ut
1113 472 1262 551 homines

91 573 146 638 ad
170 595 283 638 earum
306 597 385 638 saxa
405 573 554 640 discendi
569 574 751 659 cupiditate
768 575 1051 639 adhaerescerent.
1098 573 1153 638 Ita
1176 573 1262 638 enim

91 677 250 742 invitant
266 677 398 741 Ulixem
413 715 455 726 -
469 700 546 742 nam
568 677 663 756 verti,
687 685 724 742 ut
747 669 908 762 quaedam
926 676 1071 754 Homeri,
1097 677 1144 742 sio
1160 677 1262 742 istum

93 779 214 864 ipsum
236 780 348 844 locum
369 804 427 842 -ε

120 884 155 946 Ο
181 883 302 948 decus
326 881 578 966 Argolicum,
604 882 696 966 quin
719 883 883 967 puppim
906 881 1061 961 flectis,
1087 881 1238 962 Ulixes,

121 986 302 1051 Auribus
325 992 368 1050 ut
391 991 551 1050 nostros
573 983 705 1070 possis
727 1006 945 1069 agnoscere
969 986 1129 1050 cantus!

121 1088 225 1152 Nam
252 1110 363 1153 nemo
393 1091 489 1152 haec
518 1111 688 1172 unquam
712 1095 774 1152 cst
796 1093 1056 1152 transvectus
1079 1088 1232 1154 caerula

749 1213 881 1270 cursu,

123 1292 233 1358 Quin
255 1292 364 1376 prius
387 1292 603 1356 adstiterit
625 1315 762 1358 vocum
787 1291 1004 1358 dulcedine
1029 1298 1187 1377 captus,
1291 1363 1293 1374 y

121 1398 223 1460 Post
246 1383 368 1460 variis
391 1396 506 1460 avido
531 1395 703 1460 satiatus
725 1401 891 1482 pectore
915 1395 1034 1460 musis
1044 1445 1053 1475 ,
1090 1459 1091 1462 ,

123 1497 294 1562 Doctior
316 1497 362 1561 ad
385 1498 539 1582 patrias
562 1498 702 1583 lapsus
726 1497 956 1581 pervenerit
979 1519 1078 1562 oras.

124 1599 209 1663 Nos
232 1621 352 1680 grave
377 1606 579 1664 certamen
601 1599 703 1664 belli
726 1600 961 1684 clademque
983 1606 1186 1678 tenemus,

127 1701 296 1766 Graecia
319 1724 433 1785 quam
455 1701 596 1766 Troiae
620 1701 757 1767 divino
781 1701 941 1768 numine
963 1701 1095 1780 vexit,

126 1803 349 1887 Omniaque
373 1825 389 1868 e
412 1805 511 1868 latis
533 1827 663 1868 rerum
685 1805 862 1889 vestigia
884 1805 1019 1870 terris.

101 1906 201 1970 Vidit
223 1907 391 1970 Homerus
408 1907 541 1992 probari
569 1907 716 1971 fabulam
743 1931 810 1972 non
836 1929 949 1992 posse,
983 1907 1011 1970 si
1041 1906 1261 1972 cantiunculis

102 2016 220 2074 tantus
242 2009 293 2074 vir
314 2009 462 2074 irretitus
494 2015 680 2078 teneretur:
714 2009 886 2075 scientiam
915 2009 1130 2094 pollicentur,
1164 2032 1261 2093 quam

102 2118 265 2176 nouerat
288 2111 407 2176 mirum
429 2111 609 2197 sapientiae
633 2111 758 2196 cupido,
773 2111 880 2197 patria
903 2111 1061 2179 cariorem
1086 2132 1158 2175 esse.
1198 2113 1260 2174 At-

103 2235 169 2298 que
201 2213 309 2278 omnia
341 2214 473 2298 quidem
506 2214 605 2294 scire,
640 2214 872 2298 cuiuscumque
905 2215 995 2280 modi
1026 2213 1108 2292 sint,
1143 2235 1260 2298 cupere

106 2317 326 2396 curiosoruml,
360 2317 435 2382 duci
466 2339 543 2382 vero
579 2317 740 2382 maiorum
772 2315 881 2381 reruni
914 2315 1194 2400 contemplatione
1223 2317 1265 2380 ad

107 2419 324 2504 cupiditatem
361 2420 517 2485 scientiae
553 2443 755 2486 summorum
791 2420 935 2486 virorum
974 2429 1025 2484 est
1067 2419 1261 2506 putandum.

108 2523 201 2588 XIX.
249 2520 320 2607 (50)
354 2523 462 2588 Quem
495 2523 581 2588 enim
613 2524 762 2588 ardorem
794 2524 896 2590 studii
929 2523 1071 2590 censetis
1101 2522 1202 2590 fuisse
1230 2521 1265 2586 in

102 2624 319 2704 ¹Archimede,
344 2626 400 2710 qui
423 2627 500 2690 dum
523 2626 557 2690 in
580 2627 717 2711 pulvere
739 2628 899 2711 quaedam
916 2626 1075 2692 describit
1090 2626 1262 2704 attentius,

106 2751 146 2792 ne
168 2727 311 2813 patriam
328 2728 462 2813 quidem
478 2733 608 2816 captam
624 2751 696 2794 esse
712 2730 872 2798 senserit?
896 2737 1057 2814 quantum
1073 2726 1265 2794 Aristoxeni

175 2915 226 2970 49.
244 2915 376 2970 vidisse
393 2914 530 2972 videtur
547 2935 568 2972 s.
586 2935 622 2970 au
639 2935 661 2972 c.
680 2921 733 2980 2‚4
751 2935 830 2987 quem
848 2917 938 2972 videre
954 2917 1054 2973 videor.
1091 2917 1262 2972 adhaeres·

107 2984 500 3108 szlstltdtldllsl
509 2984 988 3108 sulffldqlidlihiliiplii
1004 2986 1264 3109 &stiterit

111 3092 384 3176 OdX'II1a4-191.
409 3072 575 3177 qtenemus
597 3123 687 3195 ἴδμεν.
734 3139 844 3176 rorum
862 3122 1017 3192 vestigia
1039 3123 1114 3180 ὅσσα
1137 3125 1261 3199 γένηται.

176 3189 227 3244 to.
245 3188 343 3256 Quem
362 3191 448 3246 enim
467 3189 618 3246 ardorem
630 3189 747 3244 studii
765 3193 814 3244 etc.
834 3189 902 3244 ‘Wic
919 3208 997 3260 gross
1014 3209 1090 3244 musa
1108 3189 1154 3244 des
1166 3189 1261 3244 Archi·

108 3257 196 3313 medes
213 3259 390 3330 Bsgsisterun
428 3259 474 3315 fiir
491 3258 745 3314 dieWissensohaft
762 3275 884 3328 genesen
903 3260 981 3314 scin?
1002 3287 1032 3298 —
1052 3258 1137 3313 durch
1155 3258 1204 3312 das
1222 3257 1263 3312 be·

107 3326 263 3408 grindende
281 3328 354 3382 enim
370 3347 401 3383 so
439 3327 483 3384 die
501 3327 586 3383 Sache
599 3327 854 3411 ‘wahrsohcinlicher
871 3327 999 3398 gemacht
1015 3326 1129 3407 werden.
1177 3326 1261 3449 AlAr·

107 3395 657 3548 lassant-sssnnn
673 3395 1160 3548 {crassensesss
1178 3397 1263 3518 durs

108 3551 182 3588 emen
200 3534 355 3589 romischcn
373 3533 502 3590 Soldatcn
520 3533 663 3590 ermordat
688 3535 747 3589 Inv.
766 3533 846 3588 XXV
865 3538 905 3596 31,
925 3537 939 3586 9
958 3533 1147 3588 Archimedem
1165 3551 1263 3586 memo·

111 3602 165 3656 rias
182 3601 323 3672 proditum
342 3607 383 3657 est
400 3603 430 3658 iu
447 3605 526 3658 tanto
545 3603 685 3666 tumultu,
703 3605 837 3674 quantum
856 3605 935 3674 capta
952 3602 1018 3658 urbs
1035 3602 1065 3656 in
1082 3601 1207 3656 discursu
1225 3599 1263 3656 di·

107 3670 263 3793 ripienttiurp
279 3671 400 3752 militnm
418 3671 486 3796 pliepe
503 3675 619 3754 poterat,
632 3671 898 3796 tintcptrqmtformiq
915 3669 1262 3795 qu³⁵1inpu¹w⁰di⁸iiii

107 3757 374 3864 rensindus}
387 3758 993 3880 salsensem‘instaura
1006 3757 1263 3864 lellisthiss

111 3877 228 3948 (pulvis),
248 3877 300 3931 mit
319 3876 379 3934 dem
397 3877 535 3932 derTisch
552 3878 667 3934 bedsckt
683 3895 746 3942 war,
765 3878 818 3934 mit
834 3877 922 3932 sinam
940 3878 1076 3934 Stibchen
1094 3878 1211 3946 (radius)
1230 3895 1264 3930 zu

109 3945 243 4000 asichnen.
280 3945 371 4000 Daher
389 3949 453 4016 ragt
470 3945 525 4002 Cic.
544 3947 623 4002 Tusc.
642 3947 668 4000 V
686 3952 727 4012 23,
746 3951 779 4001 64
797 3965 828 4000 ex
846 3946 939 4002 eadem
966 3947 1032 4004 urhe
1057 3950 1117 4014 (aur
1136 3947 1263 4018 syracus)

109 4014 238 4070 humilem
256 4014 451 4070 homunculum
469 4033 485 4069 a
521 4016 612 4072 ulverc
630 4019 658 4070 ct
674 4016 751 4071 radio
769 4015 909 4079 excitabo,
927 4017 975 4098 qui
992 4017 1087 4072 multis
1105 4017 1184 4071 annis
1200 4019 1264 4085 post

111 4083 177 4163 luit·
188 4082 387 4164 Archimedem.
407 4113 439 4124 -
456 4035 609 4140 Audallend
627 4084 666 4140 ist
683 4084 730 4140 der
746 4083 808 4140 Ind.
825 4083 955 4164 describit
973 4086 1043 4140 nach
1068 4085 1135 4138 dum
1161 4085 1190 4138 in
1217 4082 1263 4137 der

112 4154 197 4206 oratio
216 4150 325 4222 ohquue
344 4155 414 4207 statt
432 4151 480 4206 des
496 4153 682 4224 Oonjunctivr.
773 4153 1003 4210 Aristoxenus
1021 4173 1071 4208 ans
1088 4155 1197 4214 Terent,
1215 4169 1263 4205 um

110 4224 157 4274 318
174 4239 200 4274 v.
219 4219 292 4284 Oba,
311 4221 422 4278 Schiilcr
439 4219 488 4274 des
503 4223 672 4286 Aristoteles,
690 4221 830 4276 Verfasser
847 4223 920 4278 cinos
936 4223 1007 4278 noch
1025 4221 1179 4277 erhaltanen
1187 4219 1262 4274 Wer·

109 4289 155 4345 hes
173 4289 241 4344 iiber
258 4289 302 4344 die
319 4289 433 4344 'Phsoris
450 4288 497 4344 der
506 4290 601 4346 Musik
618 4292 771 4366 (ἁρμονικὰ
792 4293 940 4362 στοιχεῖα),
960 4291 1054 4346 suchte
1073 4289 1121 4344 das
1133 4287 1262 4344 Studium
