2942 4950
232 329 296 396 226
405 283 414 290 ⁵
468 326 519 380 ua
537 324 689 381 rmmus
707 323 893 381 nononuu
909 325 957 380 nr
975 325 1165 382 marcaon

232 495 435 562 incommodi
458 501 509 561 est
532 511 633 580 quam‘
654 495 770 580 quanti
793 515 941 581 quaeque
974 517 1087 562 earnm
1116 517 1227 562 rerum
1261 503 1332 574 est,
1362 495 1391 558 in

234 599 354 683 quibus
384 598 578 684 neglectum
609 605 662 662 est
692 597 832 681 aliquid:
873 621 1038 664 summum
1069 605 1181 664 autem
1211 600 1340 664 bonum
1368 599 1391 661 si

233 703 423 788 ignoretur,
456 699 590 765 vivendi
618 699 780 764 rationem
810 701 956 786 ignorari
986 722 1122 766 necesse
1154 708 1226 782 est,
1262 724 1306 766 ex
1336 723 1391 784 quo

232 809 346 870 tantus
378 825 467 870 error
496 801 725 886 consequitur,
758 810 796 866 ut
827 824 927 887 quam
956 803 992 868 in
1014 808 1146 888 portum
1174 825 1208 868 se
1239 803 1392 888 recipiant

233 907 316 973 scire
348 928 414 970 non
446 904 587 990 possint.
635 903 787 990 Cognitis
820 909 931 970 autem
963 927 1073 970 rerum
1104 906 1227 971 finibus
1253 928 1330 970 cum
1350 905 1391 969 in·

231 1009 422 1094 tellegitur,
448 1006 527 1092 quid
550 1006 595 1070 sit
617 1007 836 1072 othonorum
860 1013 1046 1072 extremum
1076 1013 1111 1074 et
1138 1009 1322 1088 malornm,
1349 1008 1391 1071 in-

232 1119 333 1178 venta
372 1109 461 1175 vitae
499 1107 553 1173 via
590 1115 642 1172 est
684 1108 965 1193 conformatioque
1004 1109 1152 1174 omnium
1197 1109 1389 1175 officiorum.

233 1214 292 1301 (16)
316 1214 379 1276 Εεὴ
400 1211 505 1296 igitur
530 1233 594 1294 quo
611 1211 755 1296 quidque
771 1211 945 1291 referatur,
970 1234 1011 1276 cx
1026 1235 1103 1296 quo,
1126 1212 1161 1277 id
1178 1213 1270 1298 quod
1288 1234 1390 1277 omnes

233 1321 414 1404 expetunt,
447 1315 546 1380 beate
578 1313 713 1379 vivendi
734 1314 819 1379 ratio
843 1313 984 1379 inveniri
1007 1323 1042 1379 et
1065 1315 1251 1400 comparari
1274 1322 1409 1399 potest.s

233 1420 333 1486 Quod
356 1415 511 1502 quoniam
533 1415 568 1480 in
591 1439 656 1500 quo
688 1416 733 1480 sit
764 1438 885 1501 magna
917 1416 1078 1481 dissensio
1111 1424 1182 1497 est,
1216 1417 1390 1482 Carneadia

231 1521 327 1588 nobis
351 1518 541 1584 adhibenda
564 1517 682 1582 divisio
706 1525 778 1598 est,
812 1541 875 1602 qua
907 1527 1021 1584 noster
1043 1519 1233 1585 Antiochus
1258 1521 1390 1584 libenter

232 1625 284 1689 uti
306 1624 404 1688 solet.
450 1621 515 1686 Ille
546 1620 651 1705 igitur
680 1621 765 1686 vidit
796 1644 862 1685 non
891 1622 989 1686 modo
1018 1628 1101 1706 quot
1124 1621 1272 1687 fuissent
1294 1622 1387 1686 adhuc

232 1725 507 1811 philosophorum
523 1722 564 1787 de
581 1745 709 1787 summo
726 1723 826 1802 bono,
844 1723 903 1787 sed
920 1730 1002 1808 quot
1018 1723 1151 1789 omnino
1171 1745 1246 1789 esse
1263 1717 1387 1812 possent

233 1826 431 1894 sentcntiae.
477 1825 635 1910 Negabat
657 1825 761 1910 igitur
783 1826 885 1890 ullam
909 1847 981 1891 esse
1010 1831 1135 1906 artem,
1169 1849 1256 1912 quae
1287 1828 1388 1912 ipsaa

232 1952 268 1995 se
291 1929 578 2016 proficisceretur3
604 1927 729 1992 etenim
752 1948 881 2012 semper
903 1927 989 1991 illud
1012 1934 1106 1993 extra
1130 1935 1192 2006 est,
1219 1928 1310 2014 quod
1329 1932 1386 1991 arte

233 2029 534 2117 comprehenditur.
580 2027 676 2093 Nihil
698 2050 780 2112 opus
798 2035 850 2094 est
869 2029 1029 2113 exemplis
1046 2030 1109 2094 hoo
1125 2028 1387 2113 facere‘longius;

232 2139 284 2199 est
307 2133 394 2200 enim
416 2131 627 2218 perspicuum
649 2131 776 2197 nullam
800 2138 905 2196 artem
927 2131 1031 2217 ipsam
1055 2131 1089 2196 in
1112 2154 1147 2198 se
1170 2133 1317 2210 versari,
1339 2128 1386 2194 sed

232 2259 304 2302 csse
335 2234 425 2301 aliud
457 2241 563 2300 artem
593 2235 719 2320 ipsam,
758 2234 848 2298 aliud
886 2234 974 2318 quod
1004 2235 1212 2320 propositum
1248 2235 1294 2300 sit
1322 2231 1385 2320 arti.

119 2369 123 2380 ¹
233 2338 399 2405 Quoniam
422 2337 536 2422 igitur,
560 2342 599 2402 ut
621 2336 785 2402 medicina
801 2335 1013 2417 valetudinis,
1037 2336 1265 2422 navigationis
1281 2337 1386 2423 guber·

234 2595 300 2650 bum
318 2593 436 2648 finitum.
530 2590 610 2660 quid
628 2591 677 2646 sit
695 2590 909 2661 othonorum
927 2596 1113 2646 extremum
1132 2595 1182 2648 etc.
1201 2591 1229 2646 d.
1250 2593 1278 2648 h.
1296 2585 1389 2647 uorsus

233 2663 283 2716 das
301 2662 461 2717 Aeusserste
479 2663 560 2714 unter
577 2659 631 2714 deu
648 2660 755 2714 Giitern
772 2660 830 2714 und
847 2659 951 2714 Uebein
969 2659 1077 2714 beruhe.

303 2729 352 2784 lc.
388 2727 843 2808 Estigitur—oomparari
868 2732 994 2798 potest.
1028 2725 1384 2784 DieseWortesinddber-

233 2797 330 2868 fldssig
348 2797 405 2852 und
424 2796 550 2850 schemen
570 2795 618 2850 der
635 2795 791 2851 erhltrcnde
809 2796 909 2854 Zusatz
928 2797 1000 2852 eines
1012 2796 1169 2852 Glossators
1186 2816 1221 2852 au
1241 2799 1308 2854 sain.
1340 2793 1385 2848 cic.

232 2869 303 2922 lassi
320 2865 375 2921 den
391 2865 457 2919 Piso
476 2883 575 2934 sagon,
602 2869 658 2919 erat
676 2867 767 2919 mussa
785 2864 873 2918 derB
908 2865 957 2920 riff
970 2864 1017 2920 des
1036 2866 1169 2922 hdchsten
1186 2865 1277 2923 Gutes
1302 2865 1385 2984 festffe·

234 2934 308 2990 stellt
326 2933 445 2998 wordum
464 2932 533 2988 habe
550 2952 617 2987 man
634 2933 686 2988 den
703 2933 803 2988 letzten
817 2933 891 2988 Zweo
928 2934 975 2988 der
993 2933 1083 3004 Dinge
1101 2934 1224 3000 erhannt,
1245 2955 1277 2992 so
1295 2933 1332 2988 sei
1363 2947 1385 2982 er

233 3004 305 3074 Weg
322 3003 369 3058 dos
386 3001 492 3058 Irebens
509 3001 567 3056 und
585 3000 629 3056 die
646 3001 854 3073 zweohmiissigc
871 3002 1056 3074 Einriohtung
1078 3003 1125 3058 der
1141 3003 1280 3060 Pfliohten
1304 2999 1384 3072 geim-

234 3073 295 3127 den.
330 3071 420 3125 Wann
438 3089 466 3124 cr
484 3070 558 3125 daun
576 3069 709 3126 iortfahrt
735 3071 787 3127 mit
813 3071 1033 3153 quodquoniam
1050 3072 1152 3142 inquo
1171 3073 1273 3128 sitma
1312 3067 1384 3125 adiu

234 3141 332 3205 sensio,
352 3159 382 3194 so
400 3139 494 3194 maoht
512 3138 610 3194 erden
627 3139 789 3210 Uebergang
815 3159 864 3195 zur
881 3139 1061 3210 Emthcilung
1087 3140 1134 3195 des
1161 3140 1268 3196 Oarnea
1288 3159 1315 3195 cs
1338 3132 1384 3191 und

234 3209 342 3265 benieht
360 3209 389 3262 in
408 3227 461 3278 quo
479 3209 532 3262 auf
545 3208 611 3279 quid
630 3209 667 3263 sit
685 3208 864 3264 othonorum
881 3213 1032 3264 orhemum
1050 3209 1247 3274 etmalorum,
1276 3205 1384 3265 woriiber

234 3279 305 3333 noch
324 3277 383 3332 eine
400 3295 493 3347 grosse
510 3277 751 3332 Verschiedenhcit
769 3278 815 3333 dor
827 3277 979 3332 Ansiohten
997 3277 1130 3332 hernsche.
1148 3278 1200 3333 Die
1217 3279 1248 3332 in
1267 3279 1317 3334 den
1328 3273 1384 3330 rut

235 3347 321 3402 durch
343 3345 545 3416 Interpolation
570 3346 765 3416 gelrommenen
783 3346 878 3401 Worte
900 3364 984 3417 sagon
1010 3364 1068 3399 nnn
1093 3345 1185 3401 nichts
1210 3347 1310 3402 Neues.
1342 3342 1384 3396 Est

234 3416 321 3486 igitur
339 3433 392 3485 quo
411 3415 530 3485 quidque
548 3414 681 3470 referatur
699 3415 761 3468 sind
778 3414 876 3470 wieder
894 3415 952 3469 eine
963 3414 1183 3485 Umschreibung
1200 3415 1246 3470 fiir
1265 3416 1316 3469 den
1331 3412 1383 3465 lotz·

235 3490 282 3539 ton
300 3483 397 3539 Zweck
414 3483 479 3538 aller
497 3483 587 3552 Dirige
604 3482 662 3537 und
680 3482 724 3537 die
741 3484 836 3537 Worte
854 3501 884 3536 ex
902 3502 956 3554 quo
976 3513 1008 3522 -
1026 3482 1104 3538 beate
1122 3483 1231 3538 vivendi
1258 3485 1327 3538 ratio
1350 3478 1382 3532 in·

234 3552 321 3607 veniri
339 3556 367 3608 et
385 3553 537 3622 comparari
553 3554 645 3632 potest
662 3569 745 3622 sagon
764 3551 835 3606 auch
853 3551 974 3606 desselbe
992 3551 1031 3606 als
1054 3553 1168 3607 inventa
1185 3553 1258 3607 vitae
1285 3551 1327 3606 via
1341 3547 1383 3626 apt

235 3619 470 3691 conformatioque
488 3639 610 3674 omnium
630 3621 755 3675 officium.
792 3621 846 3674 Um
865 3621 917 3674 den
929 3621 1028 3674 Zusata
1047 3639 1082 3674 zu
1099 3623 1196 3684 retten,
1214 3621 1266 3676 hat
1282 3617 1383 3681 Madvig

235 3694 316 3744 unter
334 3689 583 3810 anrundolegunfi
599 3687 645 3742 des
663 3689 772 3743 hdschr.
791 3707 853 3742 cum
872 3688 928 3754 (fiir
946 3691 999 3755 est)
1017 3708 1079 3743 cum
1098 3689 1216 3812 exigitur
1234 3694 1269 3744 st.
1287 3691 1326 3743 θεὴ
1340 3682 1381 3760 igi·

235 3763 282 3812 tur
300 3757 351 3812 auf
367 3775 509 3812 enommen
526 3777 564 3812 un
602 3761 672 3813 setzt
690 3757 733 3812 die
751 3757 846 3811 Worte
864 3757 892 3811 in
910 3775 1013 3828 genaue
1031 3757 1134 3812 Verbin
1154 3777 1211 3828 ung
1237 3776 1299 3812 zum
1317 3753 1381 3806 Von-

255 3844 296 3879 en.
331 3825 356 3879 Δ
376 3844 404 3880 er
421 3844 448 3880 es
467 3825 542 3880 kann
560 3826 656 3881 ebenso
675 3829 727 3896 gut
744 3843 806 3879 cum
824 3825 992 3896 intellegitur
1010 3825 1116 3881 heissen
1132 3827 1190 3880 und
1207 3827 1257 3882 wir
1274 3821 1381 3896 erhaltec

235 3846 310 3948 daun
328 3894 398 3947 auch
416 3893 474 3948 eine
492 3895 662 3966 [tautologia.
743 3892 837 3960 Quod
879 3894 1019 3949 uoniam
1036 3913 1058 3948 s.
1076 3913 1111 3949 zu
1128 3895 1143 3949 Ι
1162 3899 1202 3960 18,
1221 3899 1254 3948 59
1272 3889 1339 3964 quod
1354 3904 1380 3940 s1·

236 3961 481 4016 Carneadia-
500 3963 638 4018 divisio.
679 3963 740 4033 Vgl.
767 3962 834 4017 iiber
856 3913 935 4018 dieue
961 3961 1142 4033 Eintheilung
1168 3963 1214 4018 des
1241 3955 1380 4028 carneades

236 4030 320 4085 Zeller
337 4031 390 4094 ΠΙ,
410 4029 445 4083 1²
464 4030 491 4084 S.
510 4035 560 4084 473
573 4033 600 4085 ff.
657 4031 722 4086 Ille
739 4031 851 4112 igitur
869 4031 972 4094 vidit,
990 4031 1073 4086 nami.
1092 4031 1254 4096 Carneades,
1271 4045 1323 4085 was
1339 4038 1379 4104 aut

236 4099 387 4154 Carneadia
406 4098 503 4154 divisio
522 4119 556 4154 zu
574 4101 736 4154 entnehmen
754 4103 800 4154 rst.
818 4100 844 4154 S.
863 4118 898 4153 zu
915 4101 930 4154 1
949 4104 973 4162 6,
993 4105 1032 4153 17.
1104 4101 1213 4154 adhuc
1233 4101 1281 4154 ‘bis
1299 4095 1378 4152 daun,

236 4169 332 4223 hisnu
350 4169 436 4222 seiner
454 4166 530 4222 Zeit’.
568 4187 606 4223 or.
624 4169 653 4222 in
671 4169 747 4222 Verr.
765 4167 806 4221 IV
826 4172 866 4232 12,
885 4172 918 4222 27
937 4168 1057 4239 quaesivi
1076 4187 1156 4238 quem
1174 4169 1209 4223 ad
1227 4168 1333 4223 modum
1347 4176 1378 4212 10·

235 4237 394 4291 vertissent:
419 4237 530 4306 negavit
549 4237 637 4292 adhuc
654 4237 803 4291 revertisse.
908 4237 1041 4292 nullam*
1054 4241 1163 4291 artem
1182 4238 1289 4307 ipsam
1305 4233 1337 4286 in
1353 4243 1378 4280 ⁸⁰

236 4307 369 4361 versari
397 4305 468 4359 ‘dass
495 4305 573 4360 keine
590 4305 789 4360 Wissenschaft
806 4304 932 4376 lediglich
951 4307 980 4360 in
1005 4305 1062 4360 sich
1080 4305 1166 4361 selbst
1190 4301 1378 4376 abgeschlosscn
