2974 4950
270 292 334 356 262
506 289 557 344 Da
576 289 727 344 FINIBUS
745 288 930 345 BONORUM
947 289 995 344 ΕΤ
1013 289 1202 344 MALORUM

270 482 384 524 verum
408 481 480 522 esse
503 459 641 543 poterit,
676 459 785 523 omnia
816 458 930 521 referri
962 458 1003 522 ad
1035 482 1196 522 summum
1229 460 1362 536 bonum,
1388 458 1408 519 si

271 563 447 642 amicitiae,
473 562 500 626 si
523 561 808 647 propinquitates,
831 561 859 624 si
882 561 1010 645 reliqua
1033 570 1169 627 externa
1191 563 1406 626 summobono

270 689 336 730 non
360 665 592 730 continentur?
638 664 710 728 Hac
733 663 891 728 videlicet
913 665 1058 744 ratione,
1084 666 1172 749 quod
1195 688 1244 745 ea,
1271 685 1347 748 quae
1367 685 1407 726 ex·

269 776 365 832 terna
383 775 477 859 nsunt,
502 766 542 830 iis
565 772 697 829 tuemur
720 765 850 844 officiis,
876 788 959 849 quae
983 764 1134 831 oriuntur
1157 791 1176 831 a
1198 789 1258 830 suo
1276 766 1407 848 cuiusque

270 873 391 955 genere
414 869 560 934 virtutis.
607 869 694 932 Nem
719 875 753 932 et
781 868 877 933 amici
910 870 1020 934 cultus
1052 877 1087 934 et
1118 870 1266 957 parentis
1299 869 1340 948 ei,
1368 867 1408 950 qui

270 972 381 1037 officio
414 974 582 1058 fungitur,
614 971 648 1034 in
678 992 716 1035 eo
739 972 811 1056 ipso
835 972 986 1057 prodest,
1021 973 1109 1056 quod
1132 972 1179 1038 ita
1201 973 1298 1057 fungi
1321 971 1406 1036 officio

269 1078 417 1141 inrecte
440 1075 539 1140 lactis
564 1079 626 1154 est,
652 1097 735 1158 quae
759 1082 837 1138 sunt
861 1081 935 1139 orta
957 1101 977 1138 a
1000 1076 1194 1141 virtutibus.
1243 1077 1334 1140 Quae
1355 1074 1407 1158 qui·

270 1180 346 1244 dem
369 1179 535 1263 sapientes
559 1181 742 1261 sequuntur
770 1178 853 1241 duce
884 1184 1018 1242 natura:
1052 1201 1120 1243 non
1151 1181 1292 1264 perfecti
1321 1184 1407 1242 auten

271 1283 421 1347 homines
445 1287 480 1345 et
501 1286 615 1344 tamen
637 1279 780 1364 ingeniis
804 1280 1046 1345 excellentibus
1075 1283 1217 1366 praediti
1246 1282 1408 1346 excitantur

272 1405 371 1467 saepe
394 1382 510 1467 gloria,
536 1401 619 1466 quae
635 1383 738 1446 habet
753 1381 895 1464 speciem
914 1383 1100 1446 honestatis
1117 1390 1151 1446 et
1167 1383 1404 1448 similitudinem.

270 1487 369 1550 Quod
393 1485 421 1549 si
442 1485 548 1568 ipsam
571 1485 780 1549 honestatem
805 1483 949 1567 undique
972 1484 1155 1569 perfectam
1179 1495 1281 1571 atquc
1300 1483 1405 1550 absolu-

270 1597 352 1667 tam,
376 1611 445 1652 rem
469 1611 566 1652 unam
588 1587 884 1672 praeclarissimam
901 1587 1046 1652 omnium
1063 1590 1272 1674 maximeque
1294 1587 1404 1652 laudan·

270 1694 363 1772 dam,
397 1692 529 1778 penitus
553 1691 722 1770 viderent,
753 1713 894 1774 quonam
916 1692 1039 1775 gaudio
1063 1695 1323 1777 complerentur,
1352 1709 1405 1752 cum

268 1803 364 1860 tanto
388 1817 485 1879 opere
510 1793 579 1858 eius
604 1795 802 1857 adumbrata
818 1794 977 1878 opinione
993 1781 1189 1864 laetentur?
1237 1796 1301 1880 (70)
1323 1794 1405 1856 Quen

270 1897 357 1962 enim
381 1895 528 1960 deditum
555 1895 784 1979 voluptatibus
791 1944 800 1974 ,
833 1917 931 1979 quem
955 1896 1175 1980 cupiditatum
1200 1895 1352 1962 incendiis
1370 1892 1404 1953 in·

268 2001 488 2078 flammatum,
521 1999 555 2062 in
577 1998 624 2084 giis
652 1998 835 2082 potiendis,
870 2020 953 2082 quae
985 2000 1142 2064 acerrime
1176 1996 1402 2084 concupivisset,

268 2108 363 2168 tanta
393 2103 522 2166 laetitia
552 2102 706 2188 perfundi
738 2102 951 2181 arbitramur,
986 2110 1110 2187 quanta
1141 2111 1199 2166 aut
1234 2100 1403 2187 superiorem

270 2205 464 2272 Africanum
501 2199 688 2269 Hannibale
732 2204 822 2268 victo
867 2211 925 2268 aut
968 2205 1186 2288 posteriorem
1214 2199 1404 2283 ¹Karthagine

259 2309 402 2372 eversa?
427 2330 525 2392 quem
548 2307 703 2373 Tiberina
725 2307 896 2372 descensio
922 2307 1009 2372 festo
1033 2307 1092 2371 illo
1117 2307 1169 2372 die
1192 2315 1290 2373 tanto
1310 2299 1402 2390 gaudio

335 2563 386 2644 te.
423 2564 452 2618 ei
470 2565 661 2626 amicitiae,
680 2565 710 2618 si
727 2565 1011 2647 propinquitates
1029 2568 1079 2620 etc.
1115 2565 1203 2620 Ueber
1222 2566 1268 2620 die
1284 2557 1401 2674 Anaphoqt

268 2631 1400 2784 111111·11111111111111111111ξὲ31111111111ῗὶ0

267 2769 373 2824 werden
390 2788 429 2823 sre
448 2769 517 2850 doch
535 2769 713 2824 hinsrehtlrclr
731 2769 778 2822 des
790 2769 936 2850 ,Nutzena
956 2771 1007 2825 den
1026 2790 1064 2825 sre
1082 2771 1144 2826 dem
1162 2773 1295 2839 bringen,
1312 2767 1351 2821 der
1365 2759 1401 2814 defi

267 2837 376 2892 Freund
395 2839 451 2892 und
469 2837 513 2892 dre
531 2838 625 2892 Eltern
644 2837 723 2899 ehrt,
750 2838 809 2892 vverl
834 2838 894 2892 ihre
911 2839 1071 2911 Verehrung
1098 2841 1157 2895 eine
1183 2860 1233 2895 aus
1254 2839 1299 2894 der
1314 2823 1401 2902 'lugtssl

267 2906 477 2977 entspringende
494 2905 710 2977 pflichtmltssige
727 2906 879 2978 Handlung
897 2906 1027 2978 bedingt‚
1046 2909 1097 2962 auf
1112 2909 1162 2964 das
1179 2909 1294 2964 hdchste
1310 2905 1358 2959 eut
1371 2898 1400 2950 bl·

267 2994 361 3044 zogen.
462 2975 552 3042 Quae
569 2973 706 3045 quidem
725 2975 896 3046 sapientes
914 2979 963 3031 etc.
1000 2977 1065 3031 Piso
1083 2977 1165 3032 kehrt
1182 2997 1216 3032 au
1236 2978 1308 3038 dem,
1325 2987 1368 3027 vae
1382 2979 1400 3016 θῖ

267 3046 280 3109 5
300 3049 333 3096 64
351 3047 448 3115 gesagt
466 3044 552 3107 hatte,
571 3044 681 3107 aurioli,
701 3044 763 3098 dass
782 3044 831 3098 das
849 3045 1028 3116 Sittlichgute
1046 3064 1081 3100 an
1099 3047 1156 3100 und
1175 3047 1220 3101 fur
1240 3045 1296 3100 sich
1313 3033 1400 3111 arstrebl

267 3113 363 3177 werde,
382 3113 439 3167 und
457 3112 592 3183 best'atigt
610 3111 669 3167 dies
699 3113 784 3168 durch
812 3113 855 3168 die
873 3114 1075 3185 Vergleichung
1102 3113 1149 3169 des
1175 3115 1305 3170 Ruhmes.
1325 3138 1349 3149 -
1364 3105 1399 3158 Dru

266 3182 387 3236 Hdsclrr.
406 3181 494 3236 haben
512 3183 622 3238 utentes
641 3186 793 3251 sequuntur
811 3186 954 3252 tamquam
972 3183 1040 3237 duce
1058 3187 1175 3247 natura,
1199 3181 1285 3240 vvobei
1301 3179 1339 3234 die
1353 3169 1400 3252 Stel·

266 3251 333 3321 lung
349 3270 405 3305 von
421 3254 528 3305 utentes
547 3251 604 3304 und
623 3250 670 3304 der
688 3249 788 3306 Zusatz
806 3269 860 3305 von
877 3256 1017 3322 tamquam
1038 3251 1164 3306 auffallen
1191 3270 1275 3306 musa.
1309 3248 1341 3302 as
1357 3257 1387 3294 ⁸1ss

267 3319 351 3374 daher
368 3319 447 3374 beide
464 3321 574 3374 Wbrter
592 3319 713 3373 entiernt
732 3319 849 3374 worden.
867 3318 982 3391 Madvig
999 3320 1156 3376 vermuthet
1173 3339 1244 3392 quas
1262 3316 1358 3390 quidem
1372 3324 1400 3360 se·

268 3389 373 3458 pientes
391 3388 513 3443 videntes
533 3391 685 3458 sequuntur
702 3388 770 3442 duce
787 3391 887 3443 natura
905 3407 965 3442 eam
982 3390 1065 3442 viam.

336 3457 383 3511 70.
420 3475 505 3527 quae
532 3457 696 3511 acerrime
722 3457 986 3529 concupivisset
1012 3457 1058 3512 fer
1075 3457 1275 3528 concupiverit,
1294 3455 1400 3508 alsaenn

266 3525 386 3580 nachher
402 3526 543 3595 perfusum
561 3543 619 3580 esse
636 3529 733 3596 gesagt
750 3529 829 3580 vitre.
906 3527 937 3580 P.
956 3525 1141 3581 Cornelius
1160 3527 1276 3597 Scipio
1293 3518 1399 3589 Africa·

267 3612 328 3647 nus
345 3594 434 3649 maior
451 3593 507 3649 und
526 3594 616 3648 minor
635 3610 655 3648 s.
674 3613 708 3648 zu
726 3595 771 3648 111
791 3600 830 3659 ll,
849 3598 890 3648 31.
990 3594 1153 3650 Tiberina
1171 3591 1355 3651 descensio:
1370 3580 1400 3633 (11⁰

266 3661 441 3717 tiberinische
451 3663 605 3718 Wsttfahrt
622 3661 689 3716 land
707 3681 752 3716 am
764 3667 806 3717 24.
814 3663 883 3717 Juni
901 3683 935 3718 au
946 3664 1038 3718 Ehren
1050 3664 1098 3719 der
1107 3666 1231 3719 Fortuna
1240 3661 1326 3718 Fortia
1341 3651 1399 3708 silli

265 3730 353 3784 Unter
371 3731 497 3786 auderem
516 3731 643 3786 macbtsn
661 3731 705 3785 die
719 3731 826 3802 jungen
843 3732 931 3786 Leute
958 3751 994 3786 an
1020 3732 1120 3787 diesem
1147 3733 1188 3788 Ta
1209 3742 1225 3788 e'
1249 3723 1399 3786 Lustlahrtea

266 3799 319 3852 aul
332 3798 379 3854 der
397 3799 477 3853 'liber
496 3799 710 3855 stromabwiirts.
745 3800 800 3854 Der
818 3801 974 3855 technische
986 3801 1132 3856 Ausdruclr
1150 3752 1233 3857 dciiir
1250 3818 1302 3856 war
1317 3795 1399 3848 descen·

266 3866 340 3920 dere:
375 3868 724 3937 Propert.114,19tran
743 3869 808 3924 uillo
832 3872 895 3924 tuta
922 3870 1062 3924 descendis
1087 3871 1200 3926 flumine
1226 3868 1324 3941 cymba
1354 3852 1398 3924 Vll·

263 3934 344 4016 Ovid.
365 3937 428 3990 fast.
441 3937 487 4016 ‘VI
506 3941 555 3990 115
567 3937 596 3990 ff.
626 3937 713 3992 Varro
725 3887 749 3993 l.
768 3938 786 3991 l.
805 3938 846 3992 VI
864 3943 879 3990 8
898 3937 957 3994 dies
975 3939 1067 3994 Fortis
1084 3941 1225 3996 Fortunae
1244 3932 1398 4012 appellatur

266 4003 359 4058 Servro
377 4003 467 4058 Tullio
485 4023 563 4074 rege,
591 4005 706 4076 quodis
733 4005 828 4062 fanum
855 4007 947 4061 Fortis
974 4008 1112 4063 Fortunas
1138 4008 1286 4063 secundum
1303 3999 1397 4078 'llbfflffl

265 4077 341 4128 extra
359 4073 589 4155 urb-emnRomam
608 4073 744 4157 dedicavit
770 4075 850 4130 Iunio
878 4093 976 4130 mense,
996 4107 1027 4158 .-
1046 4077 1176 4132 'l'iberina
1194 4072 1324 4132 descensio
1339 4066 1396 4120 rell·

261 4142 840 4282 ,litltl‘tllltttl0detrectet
858 4144 1090 4284 {etsist
1104 4146 1263 4296 qpsffqp
1276 4140 1397 4264 ‘alell

262 4281 457 4352 peregrinaque
480 4299 561 4339 mors.
597 4299 635 4336 or.
653 4299 679 4350 p.
698 4281 768 4336 (lael.
789 4287 829 4347 11,
847 4285 880 4336 26
911 4282 994 4338 coitio
1024 4283 1165 4339 silvestris.
1202 4284 1236 4338 ad
1253 4280 1324 4337 Brut·
1339 4271 1351 4326 Ῑ
1367 4267 1389 4319 ll
