<?xml version="1.0" encoding="UTF-8"?>
<!DOCTYPE html PUBLIC "-//W3C//DTD XHTML 1.0 Transitional//EN"
    "http://www.w3.org/TR/xhtml1/DTD/xhtml1-transitional.dtd">
<html xmlns="http://www.w3.org/1999/xhtml" xml:lang="en" lang="en">
 <head>
  <title>
</title>
<meta http-equiv="Content-Type" content="text/html;charset=utf-8" />
  <meta name='ocr-system' content='tesseract 3.04.00' />
  <meta name='ocr-capabilities' content='ocr_page ocr_carea ocr_par ocr_line ocrx_word'/>
</head>
<body>
  <div class='ocr_page' id='page_1' title='image "./definibusbonoru00holsgoog_0035.png"; bbox 0 0 3024 4938; ppageno 0'>
   <div class='ocr_carea' id='block_1_1' title="bbox 21 4241 23 4276">
    <p class='ocr_par' dir='ltr' id='par_1_1' title="bbox 21 4241 23 4276">
     <span class='ocr_line' id='line_1_1' title="bbox 21 4241 23 4276; baseline 0 0"><span class='ocrx_word' id='word_1_1' title='bbox 21 4241 23 4276; x_wconf 86' lang='lat' dir='ltr'>l</span> 
     </span>
    </p>
   </div>
   <div class='ocr_carea' id='block_1_2' title="bbox 450 316 1290 384">
    <p class='ocr_par' dir='ltr' id='par_1_2' title="bbox 450 316 1290 384">
     <span class='ocr_line' id='line_1_2' title="bbox 450 316 1290 384; baseline 0 -14"><span class='ocrx_word' id='word_1_2' title='bbox 450 317 513 370; x_wconf 78' lang='lat' dir='ltr'>Iun.</span> <span class='ocrx_word' id='word_1_3' title='bbox 531 317 553 370; x_wconf 94' lang='grc' dir='ltr'>Ι.</span> <span class='ocrx_word' id='word_1_4' title='bbox 589 316 655 370; x_wconf 68' lang='lat' dir='ltr'>Cin.</span> <span class='ocrx_word' id='word_1_5' title='bbox 672 317 781 370; x_wconf 84' lang='lat' dir='ltr'><strong>Iv-V.</strong></span> <span class='ocrx_word' id='word_1_6' title='bbox 819 320 847 382; x_wconf 77' lang='lat'>§§</span> <span class='ocrx_word' id='word_1_7' title='bbox 869 322 976 370; x_wconf 82' lang='lat'>12-15.</span> <span class='ocrx_word' id='word_1_8' title='bbox 1254 325 1290 384; x_wconf 82' lang='lat'>11</span> 
     </span>
    </p>
   </div>
   <div class='ocr_carea' id='block_1_3' title="bbox 21 461 1293 688">
    <p class='ocr_par' dir='ltr' id='par_1_3' title="bbox 21 461 1293 688">
     <span class='ocr_line' id='line_1_3' title="bbox 21 461 1293 574; baseline 0.007 -28"><span class='ocrx_word' id='word_1_9' title='bbox 21 461 23 546; x_wconf 53' lang='lat' dir='ltr'>i</span> <span class='ocrx_word' id='word_1_10' title='bbox 127 486 317 568; x_wconf 89' lang='lat' dir='ltr'>voluptate,</span> <span class='ocrx_word' id='word_1_11' title='bbox 349 507 504 569; x_wconf 83' lang='lat' dir='ltr'>ameque</span> <span class='ocrx_word' id='word_1_12' title='bbox 521 486 551 550; x_wconf 92' lang='lat' dir='ltr'>ei</span> <span class='ocrx_word' id='word_1_13' title='bbox 566 508 771 571; x_wconf 87' lang='lat' dir='ltr'>responsum,</span> <span class='ocrx_word' id='word_1_14' title='bbox 798 509 872 551; x_wconf 90' lang='lat' dir='ltr'>eum</span> <span class='ocrx_word' id='word_1_15' title='bbox 889 487 927 550; x_wconf 83' lang='grc' dir='ltr'>Ο.</span> <span class='ocrx_word' id='word_1_16' title='bbox 949 488 1105 564; x_wconf 81' lang='lat' dir='ltr'><strong>Triarius,</strong></span> <span class='ocrx_word' id='word_1_17' title='bbox 1130 489 1293 574; x_wconf 84' lang='lat' dir='ltr'>inprimis</span> 
     </span>
     <span class='ocr_line' id='line_1_4' title="bbox 21 588 1292 688; baseline 0.005 -37"><span class='ocrx_word' id='word_1_18' title='bbox 21 615 22 688; x_wconf 25' lang='grc' dir='ltr'>ξ</span> <span class='ocrx_word' id='word_1_19' title='bbox 128 588 241 672; x_wconf 84' lang='lat' dir='ltr'>gravis</span> <span class='ocrx_word' id='word_1_20' title='bbox 252 595 286 652; x_wconf 93' lang='lat' dir='ltr'>et</span> <span class='ocrx_word' id='word_1_21' title='bbox 296 588 415 652; x_wconf 87' lang='lat' dir='ltr'>doetus</span> <span class='ocrx_word' id='word_1_22' title='bbox 427 589 633 666; x_wconf 78' lang='lat' dir='ltr'>adulescens,</span> <span class='ocrx_word' id='word_1_23' title='bbox 646 589 676 652; x_wconf 91' lang='lat' dir='ltr'>ei</span> <span class='ocrx_word' id='word_1_24' title='bbox 686 589 906 672; x_wconf 82' lang='lat' dir='ltr'>disputationi</span> <span class='ocrx_word' id='word_1_25' title='bbox 914 589 1103 654; x_wconf 87' lang='lat' dir='ltr'>interesset.</span> <span class='ocrx_word' id='word_1_26' title='bbox 1131 589 1192 676; x_wconf 83' lang='grc'>(14)</span> <span class='ocrx_word' id='word_1_27' title='bbox 1203 593 1292 658; x_wconf 93' lang='lat' dir='ltr'>Nam</span> 
     </span>
    </p>
   </div>
   <div class='ocr_carea' id='block_1_4' title="bbox 125 690 1292 1499">
    <p class='ocr_par' dir='ltr' id='par_1_4' title="bbox 125 690 1292 1499">
     <span class='ocr_line' id='line_1_5' title="bbox 128 690 1290 776; baseline 0.005 -22"><span class='ocrx_word' id='word_1_28' title='bbox 128 714 207 754; x_wconf 86' lang='lat' dir='ltr'>eum</span> <span class='ocrx_word' id='word_1_29' title='bbox 230 691 272 755; x_wconf 93' lang='lat' dir='ltr'>ad</span> <span class='ocrx_word' id='word_1_30' title='bbox 295 713 347 755; x_wconf 92' lang='lat' dir='ltr'>me</span> <span class='ocrx_word' id='word_1_31' title='bbox 380 690 413 755; x_wconf 92' lang='lat' dir='ltr'>in</span> <span class='ocrx_word' id='word_1_32' title='bbox 447 691 631 755; x_wconf 87' lang='lat' dir='ltr'>Cumanum</span> <span class='ocrx_word' id='word_1_33' title='bbox 660 691 826 755; x_wconf 87' lang='lat' dir='ltr'>salutandi</span> <span class='ocrx_word' id='word_1_34' title='bbox 850 714 949 756; x_wconf 85' lang='lat' dir='ltr'>eausa</span> <span class='ocrx_word' id='word_1_35' title='bbox 971 700 1110 776; x_wconf 87' lang='lat' dir='ltr'>uterque</span> <span class='ocrx_word' id='word_1_36' title='bbox 1134 695 1290 776; x_wconf 87' lang='lat' dir='ltr'>venisset,</span> 
     </span>
     <span class='ocr_line' id='line_1_6' title="bbox 126 792 1292 878; baseline 0.007 -22"><span class='ocrx_word' id='word_1_37' title='bbox 126 815 235 878; x_wconf 78' lang='lat' dir='ltr'>pauca</span> <span class='ocrx_word' id='word_1_38' title='bbox 258 794 362 878; x_wconf 88' lang='lat' dir='ltr'>primo</span> <span class='ocrx_word' id='word_1_39' title='bbox 385 792 555 857; x_wconf 90' lang='lat' dir='ltr'>internos</span> <span class='ocrx_word' id='word_1_40' title='bbox 578 793 618 857; x_wconf 92' lang='lat' dir='ltr'>de</span> <span class='ocrx_word' id='word_1_41' title='bbox 641 793 776 872; x_wconf 88' lang='lat' dir='ltr'>litteris,</span> <span class='ocrx_word' id='word_1_42' title='bbox 807 817 945 877; x_wconf 89' lang='lat' dir='ltr'>quarum</span> <span class='ocrx_word' id='word_1_43' title='bbox 972 817 1136 860; x_wconf 90' lang='lat' dir='ltr'>summum</span> <span class='ocrx_word' id='word_1_44' title='bbox 1165 799 1292 864; x_wconf 87' lang='lat' dir='ltr'>eratin</span> 
     </span>
     <span class='ocr_line' id='line_1_7' title="bbox 127 896 1290 984; baseline 0.006 -26"><span class='ocrx_word' id='word_1_45' title='bbox 127 903 272 980; x_wconf 89' lang='lat' dir='ltr'>utroque</span> <span class='ocrx_word' id='word_1_46' title='bbox 288 897 450 972; x_wconf 91' lang='lat' dir='ltr'>studium;</span> <span class='ocrx_word' id='word_1_47' title='bbox 476 896 595 960; x_wconf 91' lang='lat' dir='ltr'>deinde</span> <span class='ocrx_word' id='word_1_48' title='bbox 611 897 808 980; x_wconf 75' lang='lat' dir='ltr'>Torquatus,</span> <span class='ocrx_word' id='word_1_49' title='bbox 827 896 992 961; x_wconf 75' lang='lat' dir='ltr'>Quoniam</span> <span class='ocrx_word' id='word_1_50' title='bbox 1008 897 1099 962; x_wconf 85' lang='lat' dir='ltr'>nacti</span> <span class='ocrx_word' id='word_1_51' title='bbox 1107 905 1152 977; x_wconf 88' lang='lat' dir='ltr'>te,</span> <span class='ocrx_word' id='word_1_52' title='bbox 1171 901 1290 984; x_wconf 88' lang='lat' dir='ltr'>inquit,</span> 
     </span>
     <span class='ocr_line' id='line_1_8' title="bbox 127 1001 1291 1088; baseline 0.003 -24"><span class='ocrx_word' id='word_1_53' title='bbox 127 1023 243 1064; x_wconf 86' lang='lat' dir='ltr'>sumus</span> <span class='ocrx_word' id='word_1_54' title='bbox 268 1001 444 1086; x_wconf 89' lang='lat' dir='ltr'>aliquando</span> <span class='ocrx_word' id='word_1_55' title='bbox 469 1001 624 1080; x_wconf 89' lang='lat' dir='ltr'>otiosum,</span> <span class='ocrx_word' id='word_1_56' title='bbox 651 1008 739 1065; x_wconf 86' lang='lat' dir='ltr'>oerte</span> <span class='ocrx_word' id='word_1_57' title='bbox 764 1001 906 1081; x_wconf 83' lang='lat' dir='ltr'>audiam,</span> <span class='ocrx_word' id='word_1_58' title='bbox 933 1001 1011 1085; x_wconf 89' lang='lat' dir='ltr'>quid</span> <span class='ocrx_word' id='word_1_59' title='bbox 1035 1001 1079 1066; x_wconf 87' lang='lat' dir='ltr'>sit</span> <span class='ocrx_word' id='word_1_60' title='bbox 1102 1003 1190 1087; x_wconf 92' lang='lat' dir='ltr'>quod</span> <span class='ocrx_word' id='word_1_61' title='bbox 1213 1004 1291 1088; x_wconf 82' lang='lat' dir='ltr'>Epi·</span> 
     </span>
     <span class='ocr_line' id='line_1_9' title="bbox 128 1103 1292 1189; baseline 0 -21"><span class='ocrx_word' id='word_1_62' title='bbox 128 1127 244 1168; x_wconf 87' lang='lat' dir='ltr'>eurum</span> <span class='ocrx_word' id='word_1_63' title='bbox 272 1111 423 1168; x_wconf 87' lang='lat' dir='ltr'>nostrum</span> <span class='ocrx_word' id='word_1_64' title='bbox 455 1127 521 1169; x_wconf 87' lang='lat' dir='ltr'>non</span> <span class='ocrx_word' id='word_1_65' title='bbox 552 1111 591 1168; x_wconf 90' lang='lat' dir='ltr'>tu</span> <span class='ocrx_word' id='word_1_66' title='bbox 624 1104 756 1187; x_wconf 86' lang='lat' dir='ltr'>quidem</span> <span class='ocrx_word' id='word_1_67' title='bbox 784 1103 903 1182; x_wconf 88' lang='lat' dir='ltr'>oderis,</span> <span class='ocrx_word' id='word_1_68' title='bbox 933 1112 971 1169; x_wconf 93' lang='lat' dir='ltr'>ut</span> <span class='ocrx_word' id='word_1_69' title='bbox 994 1104 1062 1169; x_wconf 86' lang='lat' dir='ltr'>fere</span> <span class='ocrx_word' id='word_1_70' title='bbox 1085 1105 1213 1170; x_wconf 81' lang='lat' dir='ltr'>faciunt</span> <span class='ocrx_word' id='word_1_71' title='bbox 1236 1107 1292 1189; x_wconf 92' lang='lat' dir='ltr'>qui</span> 
     </span>
     <span class='ocr_line' id='line_1_10' title="bbox 126 1206 1290 1293; baseline 0 -22"><span class='ocrx_word' id='word_1_72' title='bbox 126 1209 169 1271; x_wconf 89' lang='lat' dir='ltr'>ab</span> <span class='ocrx_word' id='word_1_73' title='bbox 187 1229 226 1271; x_wconf 89' lang='lat' dir='ltr'>eo</span> <span class='ocrx_word' id='word_1_74' title='bbox 244 1206 457 1286; x_wconf 87' lang='lat' dir='ltr'>dissentiunt,</span> <span class='ocrx_word' id='word_1_75' title='bbox 482 1207 541 1270; x_wconf 89' lang='lat' dir='ltr'>sed</span> <span class='ocrx_word' id='word_1_76' title='bbox 565 1213 654 1271; x_wconf 84' lang='lat' dir='ltr'>certe</span> <span class='ocrx_word' id='word_1_77' title='bbox 677 1229 743 1270; x_wconf 90' lang='lat' dir='ltr'>non</span> <span class='ocrx_word' id='word_1_78' title='bbox 766 1207 897 1291; x_wconf 84' lang='lat' dir='ltr'>probes,</span> <span class='ocrx_word' id='word_1_79' title='bbox 923 1229 1008 1287; x_wconf 88' lang='lat' dir='ltr'>eum,</span> <span class='ocrx_word' id='word_1_80' title='bbox 1034 1231 1132 1293; x_wconf 90' lang='lat' dir='ltr'>quem</span> <span class='ocrx_word' id='word_1_81' title='bbox 1154 1230 1217 1292; x_wconf 87' lang='lat' dir='ltr'>ego</span> <span class='ocrx_word' id='word_1_82' title='bbox 1240 1231 1290 1272; x_wconf 89' lang='lat' dir='ltr'>ar-</span> 
     </span>
     <span class='ocr_line' id='line_1_11' title="bbox 125 1309 1290 1393; baseline 0.002 -21"><span class='ocrx_word' id='word_1_83' title='bbox 125 1309 237 1374; x_wconf 88' lang='lat' dir='ltr'>bitror</span> <span class='ocrx_word' id='word_1_84' title='bbox 269 1333 370 1374; x_wconf 91' lang='lat' dir='ltr'>unum</span> <span class='ocrx_word' id='word_1_85' title='bbox 403 1309 525 1373; x_wconf 87' lang='lat' dir='ltr'>vidisse</span> <span class='ocrx_word' id='word_1_86' title='bbox 565 1332 678 1374; x_wconf 87' lang='lat' dir='ltr'>verum</span> <span class='ocrx_word' id='word_1_87' title='bbox 714 1309 931 1393; x_wconf 77' lang='lat' dir='ltr'>maximisque</span> <span class='ocrx_word' id='word_1_88' title='bbox 969 1312 1132 1376; x_wconf 87' lang='lat' dir='ltr'>erroribus</span> <span class='ocrx_word' id='word_1_89' title='bbox 1165 1311 1290 1376; x_wconf 90' lang='lat' dir='ltr'>animos</span> 
     </span>
     <span class='ocr_line' id='line_1_12' title="bbox 125 1411 1292 1499; baseline 0.003 -24"><span class='ocrx_word' id='word_1_90' title='bbox 125 1412 300 1478; x_wconf 90' lang='lat' dir='ltr'>hominum</span> <span class='ocrx_word' id='word_1_91' title='bbox 329 1412 523 1476; x_wconf 82' lang='lat' dir='ltr'>liberavisse</span> <span class='ocrx_word' id='word_1_92' title='bbox 552 1419 585 1476; x_wconf 90' lang='lat' dir='ltr'>et</span> <span class='ocrx_word' id='word_1_93' title='bbox 614 1412 723 1476; x_wconf 86' lang='lat' dir='ltr'>omnia</span> <span class='ocrx_word' id='word_1_94' title='bbox 752 1411 944 1492; x_wconf 76' lang='lat' dir='ltr'>tradidisse,</span> <span class='ocrx_word' id='word_1_95' title='bbox 976 1436 1059 1498; x_wconf 90' lang='lat' dir='ltr'>quae</span> <span class='ocrx_word' id='word_1_96' title='bbox 1087 1415 1292 1499; x_wconf 68' lang='lat' dir='ltr'>pertinerent</span> 
     </span>
    </p>
   </div>
   <div class='ocr_carea' id='block_1_5' title="bbox 21 1516 1291 1598">
    <p class='ocr_par' dir='ltr' id='par_1_5' title="bbox 21 1516 1291 1598">
     <span class='ocr_line' id='line_1_13' title="bbox 21 1516 1291 1598; baseline 0 -18"><span class='ocrx_word' id='word_1_97' title='bbox 21 1543 24 1560; x_wconf 89' lang='lat'><em>·</em></span> <span class='ocrx_word' id='word_1_98' title='bbox 124 1517 170 1580; x_wconf 84' lang='lat' dir='ltr'>ad</span> <span class='ocrx_word' id='word_1_99' title='bbox 193 1517 279 1581; x_wconf 90' lang='lat' dir='ltr'>bene</span> <span class='ocrx_word' id='word_1_100' title='bbox 293 1516 458 1598; x_wconf 87' lang='lat' dir='ltr'>beateque</span> <span class='ocrx_word' id='word_1_101' title='bbox 482 1516 675 1581; x_wconf 76' lang='lat' dir='ltr'>vivendumt</span> <span class='ocrx_word' id='word_1_102' title='bbox 692 1517 759 1580; x_wconf 51' lang='lat' dir='ltr'>¹sed</span> <span class='ocrx_word' id='word_1_103' title='bbox 782 1516 936 1581; x_wconf 85' lang='lat' dir='ltr'>existimo</span> <span class='ocrx_word' id='word_1_104' title='bbox 962 1524 1005 1595; x_wconf 92' lang='lat' dir='ltr'>te,</span> <span class='ocrx_word' id='word_1_105' title='bbox 1030 1517 1118 1582; x_wconf 89' lang='lat' dir='ltr'>sieut</span> <span class='ocrx_word' id='word_1_106' title='bbox 1140 1525 1291 1582; x_wconf 89' lang='lat' dir='ltr'>nostrum</span> 
     </span>
    </p>
   </div>
   <div class='ocr_carea' id='block_1_6' title="bbox 123 1618 1290 1911">
    <p class='ocr_par' dir='ltr' id='par_1_6' title="bbox 123 1618 1290 1911">
     <span class='ocr_line' id='line_1_14' title="bbox 124 1618 1290 1704; baseline 0.002 -22"><span class='ocrx_word' id='word_1_107' title='bbox 124 1618 306 1699; x_wconf 79' lang='lat' dir='ltr'>Triarium,</span> <span class='ocrx_word' id='word_1_108' title='bbox 330 1619 439 1682; x_wconf 92' lang='lat' dir='ltr'>minus</span> <span class='ocrx_word' id='word_1_109' title='bbox 468 1619 509 1682; x_wconf 88' lang='lat' dir='ltr'>ab</span> <span class='ocrx_word' id='word_1_110' title='bbox 538 1640 576 1683; x_wconf 93' lang='lat' dir='ltr'>eo</span> <span class='ocrx_word' id='word_1_111' title='bbox 605 1619 778 1698; x_wconf 85' lang='lat' dir='ltr'>delectari,</span> <span class='ocrx_word' id='word_1_112' title='bbox 814 1621 902 1704; x_wconf 84' lang='lat' dir='ltr'>quod</span> <span class='ocrx_word' id='word_1_113' title='bbox 934 1620 998 1684; x_wconf 86' lang='lat' dir='ltr'>ista</span> <span class='ocrx_word' id='word_1_114' title='bbox 1025 1621 1190 1700; x_wconf 78' lang='lat' dir='ltr'>Platonis,</span> <span class='ocrx_word' id='word_1_115' title='bbox 1216 1620 1290 1684; x_wconf 90' lang='lat' dir='ltr'>Ari·</span> 
     </span>
     <span class='ocr_line' id='line_1_15' title="bbox 124 1720 1290 1808; baseline 0.003 -24"><span class='ocrx_word' id='word_1_116' title='bbox 124 1720 261 1800; x_wconf 90' lang='lat' dir='ltr'>stoteli,</span> <span class='ocrx_word' id='word_1_117' title='bbox 295 1722 518 1805; x_wconf 74' lang='lat' dir='ltr'>Theophrasti</span> <span class='ocrx_word' id='word_1_118' title='bbox 555 1722 712 1786; x_wconf 87' lang='lat' dir='ltr'>orationis</span> <span class='ocrx_word' id='word_1_119' title='bbox 750 1729 943 1787; x_wconf 87' lang='lat' dir='ltr'>ornamenta</span> <span class='ocrx_word' id='word_1_120' title='bbox 975 1724 1176 1808; x_wconf 79' lang='lat' dir='ltr'>neglexerit3</span> <span class='ocrx_word' id='word_1_121' title='bbox 1215 1745 1290 1787; x_wconf 91' lang='lat' dir='ltr'>nam</span> 
     </span>
     <span class='ocr_line' id='line_1_16' title="bbox 123 1823 1289 1911; baseline 0.003 -25"><span class='ocrx_word' id='word_1_122' title='bbox 123 1823 214 1887; x_wconf 92' lang='lat' dir='ltr'>illud</span> <span class='ocrx_word' id='word_1_123' title='bbox 236 1824 368 1908; x_wconf 91' lang='lat' dir='ltr'>quidem</span> <span class='ocrx_word' id='word_1_124' title='bbox 391 1825 513 1888; x_wconf 89' lang='lat' dir='ltr'>adduei</span> <span class='ocrx_word' id='word_1_125' title='bbox 538 1825 595 1889; x_wconf 80' lang='lat' dir='ltr'>vix</span> <span class='ocrx_word' id='word_1_126' title='bbox 621 1848 767 1909; x_wconf 85' lang='lat' dir='ltr'>possum,</span> <span class='ocrx_word' id='word_1_127' title='bbox 796 1833 834 1890; x_wconf 91' lang='lat' dir='ltr'>ut</span> <span class='ocrx_word' id='word_1_128' title='bbox 858 1849 910 1905; x_wconf 87' lang='lat' dir='ltr'>ea,</span> <span class='ocrx_word' id='word_1_129' title='bbox 941 1849 1023 1911; x_wconf 88' lang='lat' dir='ltr'>quae</span> <span class='ocrx_word' id='word_1_130' title='bbox 1047 1827 1188 1890; x_wconf 87' lang='lat' dir='ltr'>senserit</span> <span class='ocrx_word' id='word_1_131' title='bbox 1219 1827 1289 1905; x_wconf 87' lang='lat' dir='ltr'>ille,</span> 
     </span>
    </p>
   </div>
   <div class='ocr_carea' id='block_1_7' title="bbox 21 1924 1288 2013">
    <p class='ocr_par' dir='ltr' id='par_1_7' title="bbox 21 1924 1288 2013">
     <span class='ocr_line' id='line_1_17' title="bbox 21 1924 1288 2013; baseline 0 -21"><span class='ocrx_word' id='word_1_132' title='bbox 21 1961 23 1992; x_wconf 59' lang='lat' dir='ltr'>a</span> <span class='ocrx_word' id='word_1_133' title='bbox 122 1927 191 1991; x_wconf 86' lang='lat' dir='ltr'>tibi</span> <span class='ocrx_word' id='word_1_134' title='bbox 215 1949 280 1990; x_wconf 91' lang='lat' dir='ltr'>non</span> <span class='ocrx_word' id='word_1_135' title='bbox 300 1949 377 1991; x_wconf 88' lang='lat' dir='ltr'>vera</span> <span class='ocrx_word' id='word_1_136' title='bbox 392 1926 578 1991; x_wconf 86' lang='lat' dir='ltr'>videantur.</span> <span class='ocrx_word' id='word_1_137' title='bbox 626 1924 685 2012; x_wconf 84' lang='lat'>(15)</span> <span class='ocrx_word' id='word_1_138' title='bbox 705 1928 790 1993; x_wconf 86' lang='lat' dir='ltr'>Vide</span> <span class='ocrx_word' id='word_1_139' title='bbox 808 1935 980 2012; x_wconf 86' lang='lat' dir='ltr'>quantum,</span> <span class='ocrx_word' id='word_1_140' title='bbox 997 1929 1142 2013; x_wconf 86' lang='lat' dir='ltr'>inquam,</span> <span class='ocrx_word' id='word_1_141' title='bbox 1161 1928 1288 2008; x_wconf 85' lang='lat' dir='ltr'>fallare,</span> 
     </span>
    </p>
   </div>
   <div class='ocr_carea' id='block_1_8' title="bbox 21 2043 1289 2138">
    <p class='ocr_par' dir='ltr' id='par_1_8' title="bbox 21 2043 1289 2138">
     <span class='ocr_line' id='line_1_18' title="bbox 21 2043 1289 2138; baseline -0.001 -3"><span class='ocrx_word' id='word_1_142' title='bbox 21 2043 22 2078; x_wconf 28' lang='grc' dir='ltr'><strong>ἓ</strong></span> <span class='ocrx_word' id='word_1_143' title='bbox 125 2082 231 2136; x_wconf 88' lang='lat' dir='ltr'>seinem</span> <span class='ocrx_word' id='word_1_144' title='bbox 241 2081 315 2136; x_wconf 82' lang='lat' dir='ltr'>Tode</span> <span class='ocrx_word' id='word_1_145' title='bbox 325 2085 375 2134; x_wconf 85' lang='grc'>270</span> <span class='ocrx_word' id='word_1_146' title='bbox 384 2081 524 2136; x_wconf 87' lang='lat' dir='ltr'>vorstand.</span> <span class='ocrx_word' id='word_1_147' title='bbox 541 2083 600 2138; x_wconf 80' lang='lat' dir='ltr'>Aue</span> <span class='ocrx_word' id='word_1_148' title='bbox 610 2080 659 2136; x_wconf 86' lang='lat' dir='ltr'>der</span> <span class='ocrx_word' id='word_1_149' title='bbox 668 2081 759 2136; x_wconf 84' lang='lat' dir='ltr'>Masse</span> <span class='ocrx_word' id='word_1_150' title='bbox 771 2082 858 2136; x_wconf 85' lang='lat' dir='ltr'>soiner</span> <span class='ocrx_word' id='word_1_151' title='bbox 867 2081 1004 2136; x_wconf 76' lang='lat' dir='ltr'>Schriften</span> <span class='ocrx_word' id='word_1_152' title='bbox 1023 2079 1084 2135; x_wconf 91' lang='lat' dir='ltr'>sind</span> <span class='ocrx_word' id='word_1_153' title='bbox 1102 2100 1154 2134; x_wconf 89' lang='lat' dir='ltr'>uns</span> <span class='ocrx_word' id='word_1_154' title='bbox 1172 2099 1224 2134; x_wconf 89' lang='lat' dir='ltr'>nur</span> <span class='ocrx_word' id='word_1_155' title='bbox 1241 2099 1289 2135; x_wconf 85' lang='lat' dir='ltr'>we·</span> 
     </span>
    </p>
   </div>
   <div class='ocr_carea' id='block_1_9' title="bbox 120 2149 1289 3330">
    <p class='ocr_par' dir='ltr' id='par_1_9' title="bbox 123 2149 1289 2232">
     <span class='ocr_line' id='line_1_19' title="bbox 123 2149 1289 2232; baseline -0.001 -29"><span class='ocrx_word' id='word_1_156' title='bbox 123 2151 189 2220; x_wconf 86' lang='lat' dir='ltr'>nige</span> <span class='ocrx_word' id='word_1_157' title='bbox 207 2149 251 2205; x_wconf 88' lang='lat' dir='ltr'>bei</span> <span class='ocrx_word' id='word_1_158' title='bbox 268 2150 348 2220; x_wconf 85' lang='lat' dir='ltr'>Diog.</span> <span class='ocrx_word' id='word_1_159' title='bbox 360 2151 451 2206; x_wconf 80' lang='lat' dir='ltr'>Laert.</span> <span class='ocrx_word' id='word_1_160' title='bbox 470 2150 496 2204; x_wconf 91' lang='lat' dir='ltr'>X</span> <span class='ocrx_word' id='word_1_161' title='bbox 515 2150 658 2205; x_wconf 68' lang='lat' dir='ltr'>erhaltenz‘</span> <span class='ocrx_word' id='word_1_162' title='bbox 670 2149 731 2232; x_wconf 77' lang='lat' dir='ltr'>sein</span> <span class='ocrx_word' id='word_1_163' title='bbox 739 2151 905 2214; x_wconf 69' lang='lat' dir='ltr'>malamort,</span> <span class='ocrx_word' id='word_1_164' title='bbox 926 2150 1043 2231; x_wconf 80' lang='lat' dir='ltr'>3Briefe</span> <span class='ocrx_word' id='word_1_165' title='bbox 1061 2167 1097 2203; x_wconf 90' lang='lat' dir='ltr'>an</span> <span class='ocrx_word' id='word_1_166' title='bbox 1116 2150 1188 2203; x_wconf 90' lang='lat' dir='ltr'>seine</span> <span class='ocrx_word' id='word_1_167' title='bbox 1206 2149 1289 2232; x_wconf 54' lang='lat' dir='ltr'>§ohti-</span> 
     </span>
    </p>

    <p class='ocr_par' dir='ltr' id='par_1_10' title="bbox 123 2217 1288 2341">
     <span class='ocr_line' id='line_1_20' title="bbox 123 2217 1288 2341; baseline -0.003 -68"><span class='ocrx_word' id='word_1_168' title='bbox 123 2218 164 2304; x_wconf 68' lang='lat' dir='ltr'>ler</span> <span class='ocrx_word' id='word_1_169' title='bbox 180 2219 356 2304; x_wconf 78' lang='lat' dir='ltr'>Herodotus,</span> <span class='ocrx_word' id='word_1_170' title='bbox 384 2218 529 2341; x_wconf 67' lang='lat' dir='ltr'>Ppthoeles</span> <span class='ocrx_word' id='word_1_171' title='bbox 547 2219 604 2301; x_wconf 80' lang='lat' dir='ltr'>und</span> <span class='ocrx_word' id='word_1_172' title='bbox 621 2219 785 2300; x_wconf 73' lang='lat' dir='ltr'>idumaeus,</span> <span class='ocrx_word' id='word_1_173' title='bbox 816 2218 873 2272; x_wconf 90' lang='lat' dir='ltr'>und</span> <span class='ocrx_word' id='word_1_174' title='bbox 899 2222 932 2272; x_wconf 84' lang='grc'>43</span> <span class='ocrx_word' id='word_1_175' title='bbox 960 2218 1080 2299; x_wconf 66' lang='lat' dir='ltr'>ethraohe</span> <span class='ocrx_word' id='word_1_176' title='bbox 1106 2217 1288 2338; x_wconf 53' lang='lat' dir='ltr'>Ausspruolpe,</span> 
     </span>
    </p>

    <p class='ocr_par' dir='ltr' id='par_1_11' title="bbox 122 2285 1288 2437">
     <span class='ocr_line' id='line_1_21' title="bbox 122 2285 1288 2437; baseline -0.003 -26"><span class='ocrx_word' id='word_1_177' title='bbox 122 2285 1288 2437; x_wconf 48' lang='grc' dir='ltr'>7371ἕὲ5517·7117171171171711731,1171171777</span> 
     </span>
    </p>

    <p class='ocr_par' dir='ltr' id='par_1_12' title="bbox 121 2423 1287 2506">
     <span class='ocr_line' id='line_1_22' title="bbox 121 2423 1287 2506; baseline 0 -28"><span class='ocrx_word' id='word_1_178' title='bbox 121 2425 209 2506; x_wconf 32' lang='lat' dir='ltr'>‘Here</span> <span class='ocrx_word' id='word_1_179' title='bbox 230 2445 319 2506; x_wconf 42' lang='lat' dir='ltr'>auum·</span> <span class='ocrx_word' id='word_1_180' title='bbox 332 2425 448 2506; x_wconf 78' lang='lat' dir='ltr'>aufuns</span> <span class='ocrx_word' id='word_1_181' title='bbox 471 2426 639 2496; x_wconf 77' lang='lat' dir='ltr'>gelrommen.</span> <span class='ocrx_word' id='word_1_182' title='bbox 675 2425 819 2479; x_wconf 77' lang='lat' dir='ltr'>Lueretius</span> <span class='ocrx_word' id='word_1_183' title='bbox 846 2425 1038 2481; x_wconf 85' lang='lat' dir='ltr'>verherrhehte</span> <span class='ocrx_word' id='word_1_184' title='bbox 1061 2425 1176 2478; x_wconf 80' lang='lat' dir='ltr'>Ereurs</span> <span class='ocrx_word' id='word_1_185' title='bbox 1200 2423 1287 2478; x_wconf 80' lang='lat' dir='ltr'>Lehre</span> 
     </span>
    </p>

    <p class='ocr_par' dir='ltr' id='par_1_13' title="bbox 121 2492 1285 2617">
     <span class='ocr_line' id='line_1_23' title="bbox 121 2492 1285 2616; baseline -0.003 -68"><span class='ocrx_word' id='word_1_186' title='bbox 121 2513 273 2615; x_wconf 51' lang='lat' dir='ltr'>prsemem</span> <span class='ocrx_word' id='word_1_187' title='bbox 293 2494 482 2616; x_wconf 53' lang='lat' dir='ltr'>drdaEetllmehen</span> <span class='ocrx_word' id='word_1_188' title='bbox 498 2496 573 2564; x_wconf 77' lang='lat' dir='ltr'>Epos</span> <span class='ocrx_word' id='word_1_189' title='bbox 591 2492 624 2548; x_wconf 91' lang='lat' dir='ltr'>de</span> <span class='ocrx_word' id='word_1_190' title='bbox 641 2511 731 2548; x_wconf 88' lang='lat' dir='ltr'>rerum</span> <span class='ocrx_word' id='word_1_191' title='bbox 750 2500 851 2548; x_wconf 85' lang='lat' dir='ltr'>natura</span> <span class='ocrx_word' id='word_1_192' title='bbox 874 2497 902 2560; x_wconf 87' lang='grc'>(6</span> <span class='ocrx_word' id='word_1_193' title='bbox 920 2494 1001 2561; x_wconf 89' lang='lat' dir='ltr'>Beh.)</span> <span class='ocrx_word' id='word_1_194' title='bbox 1100 2495 1285 2563; x_wconf 87' lang='lat' dir='ltr'>orquatus,</span> 
     </span>
     <span class='ocr_line' id='line_1_24' title="bbox 152 2581 412 2617; baseline -0.004 0"><span class='ocrx_word' id='word_1_195' title='bbox 152 2581 284 2617; x_wconf 80' lang='lat' dir='ltr'>marrus</span> <span class='ocrx_word' id='word_1_196' title='bbox 302 2581 322 2616; x_wconf 86' lang='lat' dir='ltr'>s.</span> <span class='ocrx_word' id='word_1_197' title='bbox 366 2582 376 2616; x_wconf 94' lang='lat'>1</span> <span class='ocrx_word' id='word_1_198' title='bbox 406 2603 412 2616; x_wconf 96' lang='lat'><strong>.</strong></span> 
     </span>
    </p>

    <p class='ocr_par' dir='ltr' id='par_1_14' title="bbox 120 2629 1287 3193">
     <span class='ocr_line' id='line_1_25' title="bbox 194 2629 1287 2700; baseline -0.003 -16"><span class='ocrx_word' id='word_1_199' title='bbox 194 2631 244 2685; x_wconf 81' lang='lat'>14.</span> <span class='ocrx_word' id='word_1_200' title='bbox 281 2631 475 2685; x_wconf 79' lang='lat' dir='ltr'>Cumanum.</span> <span class='ocrx_word' id='word_1_201' title='bbox 510 2631 613 2685; x_wconf 81' lang='lat' dir='ltr'>Ausser</span> <span class='ocrx_word' id='word_1_202' title='bbox 630 2629 731 2684; x_wconf 85' lang='lat' dir='ltr'>diesem</span> <span class='ocrx_word' id='word_1_203' title='bbox 748 2632 779 2684; x_wconf 92' lang='lat' dir='ltr'>in</span> <span class='ocrx_word' id='word_1_204' title='bbox 797 2631 844 2684; x_wconf 89' lang='lat' dir='ltr'>der</span> <span class='ocrx_word' id='word_1_205' title='bbox 860 2630 942 2685; x_wconf 71' lang='lat' dir='ltr'>Nthe</span> <span class='ocrx_word' id='word_1_206' title='bbox 963 2650 1017 2685; x_wconf 86' lang='lat' dir='ltr'>von</span> <span class='ocrx_word' id='word_1_207' title='bbox 1035 2632 1122 2685; x_wconf 78' lang='lat' dir='ltr'>Cumti</span> <span class='ocrx_word' id='word_1_208' title='bbox 1140 2631 1287 2700; x_wconf 80' lang='lat' dir='ltr'>gelegenen</span> 
     </span>
     <span class='ocr_line' id='line_1_26' title="bbox 121 2698 1286 2781; baseline -0.002 -28"><span class='ocrx_word' id='word_1_209' title='bbox 121 2700 203 2754; x_wconf 81' lang='lat' dir='ltr'>Laud</span> <span class='ocrx_word' id='word_1_210' title='bbox 243 2703 271 2754; x_wconf 89' lang='lat' dir='ltr'>te</span> <span class='ocrx_word' id='word_1_211' title='bbox 282 2699 374 2755; x_wconf 84' lang='lat' dir='ltr'>hesass</span> <span class='ocrx_word' id='word_1_212' title='bbox 388 2700 443 2755; x_wconf 79' lang='lat' dir='ltr'>cio.</span> <span class='ocrx_word' id='word_1_213' title='bbox 462 2700 531 2754; x_wconf 88' lang='lat' dir='ltr'>noeh</span> <span class='ocrx_word' id='word_1_214' title='bbox 550 2699 682 2780; x_wconf 76' lang='lat' dir='ltr'>mphrer03</span> <span class='ocrx_word' id='word_1_215' title='bbox 701 2699 802 2756; x_wconf 90' lang='lat' dir='ltr'>seinem</span> <span class='ocrx_word' id='word_1_216' title='bbox 814 2700 998 2781; x_wconf 75' lang='lat' dir='ltr'>Tusculanum</span> <span class='ocrx_word' id='word_1_217' title='bbox 1016 2698 1093 2780; x_wconf 79' lang='lat' dir='ltr'>giebt</span> <span class='ocrx_word' id='word_1_218' title='bbox 1110 2717 1138 2754; x_wconf 85' lang='lat' dir='ltr'>er</span> <span class='ocrx_word' id='word_1_219' title='bbox 1155 2717 1204 2753; x_wconf 85' lang='lat' dir='ltr'>vor</span> <span class='ocrx_word' id='word_1_220' title='bbox 1216 2698 1286 2753; x_wconf 85' lang='lat' dir='ltr'>ellen</span> 
     </span>
     <span class='ocr_line' id='line_1_27' title="bbox 121 2719 1287 2840; baseline -0.001 -18"><span class='ocrx_word' id='word_1_221' title='bbox 121 2768 176 2822; x_wconf 90' lang='lat' dir='ltr'>den</span> <span class='ocrx_word' id='word_1_222' title='bbox 194 2719 314 2840; x_wconf 62' lang='lat' dir='ltr'>tidrzug.</span> <span class='ocrx_word' id='word_1_223' title='bbox 401 2773 493 2822; x_wconf 85' lang='lat' dir='ltr'>eerte</span> <span class='ocrx_word' id='word_1_224' title='bbox 510 2767 657 2822; x_wconf 83' lang='lat' dir='ltr'>audram.</span> <span class='ocrx_word' id='word_1_225' title='bbox 692 2772 763 2822; x_wconf 87' lang='lat' dir='ltr'>oerte</span> <span class='ocrx_word' id='word_1_226' title='bbox 780 2768 830 2822; x_wconf 88' lang='lat' dir='ltr'>hat</span> <span class='ocrx_word' id='word_1_227' title='bbox 848 2787 886 2822; x_wconf 84' lang='lat' dir='ltr'>rm</span> <span class='ocrx_word' id='word_1_228' title='bbox 904 2768 1044 2822; x_wconf 83' lang='lat' dir='ltr'>Naohsatz</span> <span class='ocrx_word' id='word_1_229' title='bbox 1062 2767 1105 2822; x_wconf 89' lang='lat' dir='ltr'>d1e</span> <span class='ocrx_word' id='word_1_230' title='bbox 1123 2767 1287 2834; x_wconf 78' lang='lat' dir='ltr'>Bedeutung</span> 
     </span>
     <span class='ocr_line' id='line_1_28' title="bbox 120 2835 1283 2918; baseline -0.001 -29"><span class='ocrx_word' id='word_1_231' title='bbox 120 2837 171 2891; x_wconf 85' lang='lat' dir='ltr'>der</span> <span class='ocrx_word' id='word_1_232' title='bbox 188 2837 397 2918; x_wconf 75' lang='lat' dir='ltr'>Versieherung.</span> <span class='ocrx_word' id='word_1_233' title='bbox 442 2837 503 2890; x_wconf 90' lang='lat' dir='ltr'>Wie</span> <span class='ocrx_word' id='word_1_234' title='bbox 526 2836 739 2917; x_wconf 59' lang='lat' dir='ltr'>hienquoniam</span> <span class='ocrx_word' id='word_1_235' title='bbox 758 2866 788 2876; x_wconf 95' lang='lat'>-</span> <span class='ocrx_word' id='word_1_236' title='bbox 808 2840 893 2918; x_wconf 74' lang='lat' dir='ltr'>certe,</span> <span class='ocrx_word' id='word_1_237' title='bbox 917 2856 947 2891; x_wconf 87' lang='lat' dir='ltr'>so</span> <span class='ocrx_word' id='word_1_238' title='bbox 965 2836 1050 2891; x_wconf 87' lang='lat' dir='ltr'>findet</span> <span class='ocrx_word' id='word_1_239' title='bbox 1068 2837 1126 2891; x_wconf 87' lang='lat' dir='ltr'>sieh</span> <span class='ocrx_word' id='word_1_240' title='bbox 1154 2835 1186 2890; x_wconf 89' lang='lat' dir='ltr'>de</span> <span class='ocrx_word' id='word_1_241' title='bbox 1205 2835 1283 2916; x_wconf 66' lang='lat' dir='ltr'>othl</span> 
     </span>
     <span class='ocr_line' id='line_1_29' title="bbox 120 2903 1286 3024; baseline 0.001 -67"><span class='ocrx_word' id='word_1_242' title='bbox 120 2910 165 2970; x_wconf 84' lang='lat'>43,</span> <span class='ocrx_word' id='word_1_243' title='bbox 186 2911 244 2959; x_wconf 81' lang='lat'>153.</span> <span class='ocrx_word' id='word_1_244' title='bbox 263 2905 296 2960; x_wconf 91' lang='lat' dir='ltr'>de</span> <span class='ocrx_word' id='word_1_245' title='bbox 314 2906 398 2960; x_wconf 75' lang='lat' dir='ltr'>dum.</span> <span class='ocrx_word' id='word_1_246' title='bbox 416 2906 446 2959; x_wconf 93' lang='lat' dir='ltr'>II</span> <span class='ocrx_word' id='word_1_247' title='bbox 464 2910 506 2967; x_wconf 83' lang='grc'>37,</span> <span class='ocrx_word' id='word_1_248' title='bbox 525 2909 558 2959; x_wconf 83' lang='grc'>79</span> <span class='ocrx_word' id='word_1_249' title='bbox 577 2923 601 2959; x_wconf 90' lang='lat' dir='ltr'>s1</span> <span class='ocrx_word' id='word_1_250' title='bbox 621 2935 650 2944; x_wconf 91' lang='lat'>-</span> <span class='ocrx_word' id='word_1_251' title='bbox 670 2909 750 2969; x_wconf 84' lang='lat' dir='ltr'>eerte,</span> <span class='ocrx_word' id='word_1_252' title='bbox 769 2924 807 2960; x_wconf 90' lang='lat' dir='ltr'>or.</span> <span class='ocrx_word' id='word_1_253' title='bbox 826 2904 898 2960; x_wconf 82' lang='lat' dir='ltr'>Phn.</span> <span class='ocrx_word' id='word_1_254' title='bbox 915 2906 989 2960; x_wconf 87' lang='lat' dir='ltr'><strong>XIII</strong></span> <span class='ocrx_word' id='word_1_255' title='bbox 1008 2911 1048 2970; x_wconf 90' lang='grc'>14,</span> <span class='ocrx_word' id='word_1_256' title='bbox 1067 2910 1100 2959; x_wconf 86' lang='grc'>29</span> <span class='ocrx_word' id='word_1_257' title='bbox 1119 2903 1195 2986; x_wconf 74' lang='lat' dir='ltr'>quod</span> <span class='ocrx_word' id='word_1_258' title='bbox 1211 2923 1286 3024; x_wconf 59' lang='lat' dir='ltr'>md</span> 
     </span>
     <span class='ocr_line' id='line_1_30' title="bbox 120 2972 1285 3124; baseline -0.001 -29"><span class='ocrx_word' id='word_1_259' title='bbox 120 2979 216 3124; x_wconf 60' lang='lat' dir='ltr'>idripiii</span> <span class='ocrx_word' id='word_1_260' title='bbox 227 2975 313 3097; x_wconf 37' lang='lat' dir='ltr'>{pipp}</span> <span class='ocrx_word' id='word_1_261' title='bbox 325 2974 1049 3124; x_wconf 34' lang='lat' dir='ltr'>Izu2iiinieinqd1dlistiut¹iithdgidiesesuevlhiiiaiiddrih</span> <span class='ocrx_word' id='word_1_262' title='bbox 1060 2977 1110 3096; x_wconf 39' lang='lat' dir='ltr'>hii·</span> <span class='ocrx_word' id='word_1_263' title='bbox 1119 2972 1285 3124; x_wconf 53' lang='lat' dir='ltr'>undeiiorlileli·</span> 
     </span>
     <span class='ocr_line' id='line_1_31' title="bbox 122 3109 1285 3193; baseline 0.002 -30"><span class='ocrx_word' id='word_1_264' title='bbox 122 3110 177 3166; x_wconf 92' lang='lat' dir='ltr'>den</span> <span class='ocrx_word' id='word_1_265' title='bbox 195 3114 236 3193; x_wconf 75' lang='lat' dir='ltr'>(ip</span> <span class='ocrx_word' id='word_1_266' title='bbox 254 3113 329 3166; x_wconf 87' lang='lat' dir='ltr'>Verr.</span> <span class='ocrx_word' id='word_1_267' title='bbox 348 3112 389 3165; x_wconf 92' lang='lat' dir='ltr'>IV</span> <span class='ocrx_word' id='word_1_268' title='bbox 407 3115 453 3174; x_wconf 81' lang='lat'>25,</span> <span class='ocrx_word' id='word_1_269' title='bbox 471 3116 504 3164; x_wconf 79' lang='lat'>56</span> <span class='ocrx_word' id='word_1_270' title='bbox 527 3111 597 3192; x_wconf 80' lang='lat' dir='ltr'>fihus</span> <span class='ocrx_word' id='word_1_271' title='bbox 616 3129 687 3167; x_wconf 77' lang='lat' dir='ltr'>enlm</span> <span class='ocrx_word' id='word_1_272' title='bbox 705 3112 955 3193; x_wconf 46' lang='lat' dir='ltr'>L.P1son1s.erat‚</span> <span class='ocrx_word' id='word_1_273' title='bbox 979 3130 1036 3166; x_wconf 81' lang='lat' dir='ltr'>erus</span> <span class='ocrx_word' id='word_1_274' title='bbox 1063 3130 1111 3193; x_wconf 75' lang='lat' dir='ltr'>qur</span> <span class='ocrx_word' id='word_1_275' title='bbox 1128 3129 1233 3182; x_wconf 90' lang='lat' dir='ltr'>pr1mus</span> <span class='ocrx_word' id='word_1_276' title='bbox 1252 3109 1285 3165; x_wconf 86' lang='lat' dir='ltr'>de</span> 
     </span>
    </p>

    <p class='ocr_par' dir='ltr' id='par_1_15' title="bbox 142 3179 1284 3330">
     <span class='ocr_line' id='line_1_32' title="bbox 142 3179 1284 3262; baseline -0.002 -28"><span class='ocrx_word' id='word_1_277' title='bbox 142 3199 244 3235; x_wconf 87' lang='lat' dir='ltr'>eeunns</span> <span class='ocrx_word' id='word_1_278' title='bbox 262 3199 290 3234; x_wconf 88' lang='lat' dir='ltr'>re</span> <span class='ocrx_word' id='word_1_279' title='bbox 310 3179 521 3262; x_wconf 28' lang='lat' dir='ltr'>otundisnlegem</span> <span class='ocrx_word' id='word_1_280' title='bbox 540 3181 606 3234; x_wconf 77' lang='lat' dir='ltr'>tulit</span> <span class='ocrx_word' id='word_1_281' title='bbox 623 3200 650 3235; x_wconf 87' lang='lat' dir='ltr'>u.</span> <span class='ocrx_word' id='word_1_282' title='bbox 668 3183 717 3245; x_wconf 85' lang='grc' dir='ltr'>ὃ.),</span> <span class='ocrx_word' id='word_1_283' title='bbox 736 3179 787 3260; x_wconf 75' lang='lat' dir='ltr'>hat</span> <span class='ocrx_word' id='word_1_284' title='bbox 804 3198 832 3234; x_wconf 88' lang='lat' dir='ltr'>es</span> <span class='ocrx_word' id='word_1_285' title='bbox 849 3180 907 3262; x_wconf 73' lang='lat' dir='ltr'>hrer</span> <span class='ocrx_word' id='word_1_286' title='bbox 925 3180 1177 3260; x_wconf 74' lang='lat' dir='ltr'>argumentrerepde</span> <span class='ocrx_word' id='word_1_287' title='bbox 1193 3179 1284 3232; x_wconf 87' lang='lat' dir='ltr'>Kraft.</span> 
     </span>
     <span class='ocr_line' id='line_1_33' title="bbox 151 3201 1284 3330; baseline -0.003 -28"><span class='ocrx_word' id='word_1_288' title='bbox 151 3249 232 3302; x_wconf 87' lang='lat' dir='ltr'>benso</span> <span class='ocrx_word' id='word_1_289' title='bbox 251 3201 325 3304; x_wconf 80' lang='lat' dir='ltr'>steht</span> <span class='ocrx_word' id='word_1_290' title='bbox 342 3269 366 3304; x_wconf 84' lang='lat' dir='ltr'>rs</span> <span class='ocrx_word' id='word_1_291' title='bbox 385 3268 445 3330; x_wconf 80' lang='lat' dir='ltr'>qur:</span> <span class='ocrx_word' id='word_1_292' title='bbox 464 3267 485 3303; x_wconf 89' lang='lat' dir='ltr'>e.</span> <span class='ocrx_word' id='word_1_293' title='bbox 506 3253 545 3311; x_wconf 85' lang='lat'>18,</span> <span class='ocrx_word' id='word_1_294' title='bbox 564 3252 597 3301; x_wconf 83' lang='grc'>57</span> <span class='ocrx_word' id='word_1_295' title='bbox 616 3247 928 3317; x_wconf 80' lang='lat' dir='ltr'>elamatEprourus,1s‚</span> <span class='ocrx_word' id='word_1_296' title='bbox 948 3266 1027 3317; x_wconf 90' lang='lat' dir='ltr'>quem</span> <span class='ocrx_word' id='word_1_297' title='bbox 1045 3266 1092 3302; x_wconf 86' lang='lat' dir='ltr'>vos</span> <span class='ocrx_word' id='word_1_298' title='bbox 1111 3265 1193 3301; x_wconf 81' lang='lat' dir='ltr'>nrmrs</span> <span class='ocrx_word' id='word_1_299' title='bbox 1211 3247 1284 3300; x_wconf 91' lang='lat' dir='ltr'>volu·</span> 
     </span>
    </p>
   </div>
   <div class='ocr_carea' id='block_1_10' title="bbox 21 3314 1283 3398">
    <p class='ocr_par' dir='ltr' id='par_1_16' title="bbox 21 3314 1283 3398">
     <span class='ocr_line' id='line_1_34' title="bbox 21 3314 1283 3398; baseline -0.006 -24"><span class='ocrx_word' id='word_1_300' title='bbox 21 3355 22 3374; x_wconf 64' lang='lat'>2</span> <span class='ocrx_word' id='word_1_301' title='bbox 122 3317 247 3398; x_wconf 80' lang='lat' dir='ltr'>ptatihus</span> <span class='ocrx_word' id='word_1_302' title='bbox 265 3336 322 3372; x_wconf 88' lang='lat' dir='ltr'>esse</span> <span class='ocrx_word' id='word_1_303' title='bbox 341 3317 464 3372; x_wconf 78' lang='lat' dir='ltr'>deditum</span> <span class='ocrx_word' id='word_1_304' title='bbox 483 3317 583 3372; x_wconf 89' lang='lat' dir='ltr'>dieitis.</span> <span class='ocrx_word' id='word_1_305' title='bbox 613 3334 652 3371; x_wconf 89' lang='lat' dir='ltr'>or.</span> <span class='ocrx_word' id='word_1_306' title='bbox 669 3335 695 3386; x_wconf 89' lang='lat' dir='ltr'>p.</span> <span class='ocrx_word' id='word_1_307' title='bbox 714 3317 802 3370; x_wconf 83' lang='lat' dir='ltr'>Sestio</span> <span class='ocrx_word' id='word_1_308' title='bbox 821 3320 862 3379; x_wconf 81' lang='lat'>35,</span> <span class='ocrx_word' id='word_1_309' title='bbox 882 3319 913 3369; x_wconf 84' lang='grc'>75</span> <span class='ocrx_word' id='word_1_310' title='bbox 932 3316 1042 3386; x_wconf 84' lang='lat' dir='ltr'>quietus</span> <span class='ocrx_word' id='word_1_311' title='bbox 1060 3334 1090 3370; x_wconf 90' lang='lat' dir='ltr'>eo</span> <span class='ocrx_word' id='word_1_312' title='bbox 1108 3315 1152 3368; x_wconf 91' lang='lat' dir='ltr'>die</span> <span class='ocrx_word' id='word_1_313' title='bbox 1170 3314 1283 3377; x_wconf 73' lang='lat' dir='ltr'>Sestius,</span> 
     </span>
    </p>
   </div>
   <div class='ocr_carea' id='block_1_11' title="bbox 119 3383 1284 4208">
    <p class='ocr_par' dir='ltr' id='par_1_17' title="bbox 119 3383 1283 3784">
     <span class='ocr_line' id='line_1_35' title="bbox 122 3383 1282 3454; baseline -0.003 -15"><span class='ocrx_word' id='word_1_314' title='bbox 122 3403 149 3439; x_wconf 83' lang='lat' dir='ltr'>rs</span> <span class='ocrx_word' id='word_1_315' title='bbox 167 3403 215 3454; x_wconf 82' lang='lat' dir='ltr'>qur</span> <span class='ocrx_word' id='word_1_316' title='bbox 232 3391 273 3442; x_wconf 85' lang='lat' dir='ltr'>est</span> <span class='ocrx_word' id='word_1_317' title='bbox 291 3386 324 3441; x_wconf 85' lang='lat' dir='ltr'>de</span> <span class='ocrx_word' id='word_1_318' title='bbox 341 3387 369 3441; x_wconf 84' lang='lat' dir='ltr'>vi</span> <span class='ocrx_word' id='word_1_319' title='bbox 386 3405 457 3441; x_wconf 86' lang='lat' dir='ltr'>reus.</span> <span class='ocrx_word' id='word_1_320' title='bbox 493 3385 525 3439; x_wconf 88' lang='lat' dir='ltr'>de</span> <span class='ocrx_word' id='word_1_321' title='bbox 544 3403 599 3440; x_wconf 88' lang='lat' dir='ltr'>sen.</span> <span class='ocrx_word' id='word_1_322' title='bbox 617 3389 658 3449; x_wconf 84' lang='lat'>21,</span> <span class='ocrx_word' id='word_1_323' title='bbox 679 3388 711 3438; x_wconf 84' lang='grc'>78</span> <span class='ocrx_word' id='word_1_324' title='bbox 730 3385 861 3450; x_wconf 77' lang='lat' dir='ltr'>Socrates,</span> <span class='ocrx_word' id='word_1_325' title='bbox 880 3385 920 3448; x_wconf 89' lang='lat' dir='ltr'>is,</span> <span class='ocrx_word' id='word_1_326' title='bbox 939 3385 1074 3454; x_wconf 85' lang='lat' dir='ltr'>quiesset</span> <span class='ocrx_word' id='word_1_327' title='bbox 1097 3383 1219 3437; x_wconf 90' lang='lat' dir='ltr'>omnium</span> <span class='ocrx_word' id='word_1_328' title='bbox 1243 3401 1282 3435; x_wconf 89' lang='lat' dir='ltr'>sa·</span> 
     </span>
     <span class='ocr_line' id='line_1_36' title="bbox 141 3451 1283 3536; baseline -0.003 -29"><span class='ocrx_word' id='word_1_329' title='bbox 141 3454 310 3509; x_wconf 80' lang='lat' dir='ltr'>lentissimus</span> <span class='ocrx_word' id='word_1_330' title='bbox 336 3455 469 3536; x_wconf 86' lang='lat' dir='ltr'>Apollinis</span> <span class='ocrx_word' id='word_1_331' title='bbox 497 3454 605 3509; x_wconf 88' lang='lat' dir='ltr'>oraeulo</span> <span class='ocrx_word' id='word_1_332' title='bbox 632 3453 776 3509; x_wconf 74' lang='lat' dir='ltr'>iudicatus.</span> <span class='ocrx_word' id='word_1_333' title='bbox 847 3457 1051 3509; x_wconf 86' lang='lat' dir='ltr'>ornamenta</span> <span class='ocrx_word' id='word_1_334' title='bbox 1078 3451 1283 3522; x_wconf 84' lang='lat' dir='ltr'>neglexerit.</span> 
     </span>
     <span class='ocr_line' id='line_1_37' title="bbox 119 3473 1283 3595; baseline -0.003 -19"><span class='ocrx_word' id='word_1_335' title='bbox 119 3473 196 3576; x_wconf 52' lang='lat' dir='ltr'>hess</span> <span class='ocrx_word' id='word_1_336' title='bbox 214 3524 316 3595; x_wconf 80' lang='lat' dir='ltr'>Epicur</span> <span class='ocrx_word' id='word_1_337' title='bbox 334 3524 396 3578; x_wconf 82' lang='lat' dir='ltr'>kern</span> <span class='ocrx_word' id='word_1_338' title='bbox 414 3523 523 3578; x_wconf 82' lang='lat' dir='ltr'>Freund</span> <span class='ocrx_word' id='word_1_339' title='bbox 541 3542 595 3577; x_wconf 87' lang='lat' dir='ltr'>von</span> <span class='ocrx_word' id='word_1_340' title='bbox 613 3541 734 3592; x_wconf 85' lang='lat' dir='ltr'>grossem</span> <span class='ocrx_word' id='word_1_341' title='bbox 752 3522 991 3578; x_wconf 84' lang='lat' dir='ltr'>Rednersohmuek</span> <span class='ocrx_word' id='word_1_342' title='bbox 1008 3540 1071 3585; x_wconf 85' lang='lat' dir='ltr'>war,</span> <span class='ocrx_word' id='word_1_343' title='bbox 1090 3521 1204 3592; x_wconf 82' lang='lat' dir='ltr'>bezeugt</span> <span class='ocrx_word' id='word_1_344' title='bbox 1222 3539 1283 3574; x_wconf 83' lang='lat' dir='ltr'>ua.</span> 
     </span>
     <span class='ocr_line' id='line_1_38' title="bbox 120 3588 1282 3681; baseline -0.003 -36"><span class='ocrx_word' id='word_1_345' title='bbox 120 3591 204 3662; x_wconf 84' lang='lat' dir='ltr'>Diog.</span> <span class='ocrx_word' id='word_1_346' title='bbox 222 3593 313 3647; x_wconf 82' lang='lat' dir='ltr'>Laert.</span> <span class='ocrx_word' id='word_1_347' title='bbox 331 3593 358 3646; x_wconf 94' lang='lat' dir='ltr'>X</span> <span class='ocrx_word' id='word_1_348' title='bbox 379 3597 409 3646; x_wconf 86' lang='lat'>13</span> <span class='ocrx_word' id='word_1_349' title='bbox 432 3596 565 3681; x_wconf 60' lang='lat' dir='ltr'>ndxqut</span> <span class='ocrx_word' id='word_1_350' title='bbox 590 3593 622 3647; x_wconf 82' lang='grc' dir='ltr'>δὲ</span> <span class='ocrx_word' id='word_1_351' title='bbox 645 3595 724 3655; x_wconf 76' lang='grc' dir='ltr'><strong><em>λέξει</em></strong></span> <span class='ocrx_word' id='word_1_352' title='bbox 748 3597 833 3666; x_wconf 80' lang='grc' dir='ltr'><strong><em>κυρίᾳ</em></strong></span> <span class='ocrx_word' id='word_1_353' title='bbox 856 3593 927 3646; x_wconf 84' lang='grc' dir='ltr'><strong><em>κατὰ</em></strong></span> <span class='ocrx_word' id='word_1_354' title='bbox 950 3598 1006 3648; x_wconf 82' lang='grc' dir='ltr'>τῶν</span> <span class='ocrx_word' id='word_1_355' title='bbox 1030 3589 1214 3667; x_wconf 67' lang='grc' dir='ltr'>πραγμάτων,</span> <span class='ocrx_word' id='word_1_356' title='bbox 1238 3588 1282 3659; x_wconf 79' lang='grc' dir='ltr'>ἥν,</span> 
     </span>
     <span class='ocr_line' id='line_1_39' title="bbox 121 3656 1283 3784; baseline -0.003 -71"><span class='ocrx_word' id='word_1_357' title='bbox 121 3659 166 3714; x_wconf 84' lang='grc' dir='ltr'>ὅτι</span> <span class='ocrx_word' id='word_1_358' title='bbox 185 3662 385 3733; x_wconf 77' lang='grc' dir='ltr'><strong><em>ἰΰιωτικωτάτη</em></strong></span> <span class='ocrx_word' id='word_1_359' title='bbox 406 3663 491 3727; x_wconf 77' lang='grc' dir='ltr'>ἐστίν,</span> <span class='ocrx_word' id='word_1_360' title='bbox 510 3661 712 3736; x_wconf 55' lang='grc' dir='ltr'><em>ἄριστοφάνης</em></span> <span class='ocrx_word' id='word_1_361' title='bbox 730 3662 963 3784; x_wconf 49' lang='grc' dir='ltr'><strong><em>ὁΙ-ἴραμματικὸς</em></strong></span> <span class='ocrx_word' id='word_1_362' title='bbox 981 3663 1115 3716; x_wconf 83' lang='grc' dir='ltr'><strong><em>αἰτιᾶται.</em></strong></span> <span class='ocrx_word' id='word_1_363' title='bbox 1163 3727 1169 3740; x_wconf 35' lang='grc' dir='ltr'>ι</span> <span class='ocrx_word' id='word_1_364' title='bbox 1196 3656 1283 3711; x_wconf 91' lang='lat' dir='ltr'>illud</span> 
     </span>
    </p>

    <p class='ocr_par' dir='ltr' id='par_1_18' title="bbox 144 3726 1284 3798">
     <span class='ocr_line' id='line_1_40' title="bbox 144 3726 1284 3798; baseline -0.002 -16"><span class='ocrx_word' id='word_1_365' title='bbox 144 3728 259 3784; x_wconf 88' lang='lat' dir='ltr'>uidem</span> <span class='ocrx_word' id='word_1_366' title='bbox 277 3729 402 3785; x_wconf 88' lang='lat' dir='ltr'>adduei</span> <span class='ocrx_word' id='word_1_367' title='bbox 419 3731 473 3785; x_wconf 85' lang='lat' dir='ltr'>vix</span> <span class='ocrx_word' id='word_1_368' title='bbox 516 3748 643 3793; x_wconf 89' lang='lat' dir='ltr'>ossum,</span> <span class='ocrx_word' id='word_1_369' title='bbox 662 3733 708 3784; x_wconf 76' lang='lat' dir='ltr'>ut·</span> <span class='ocrx_word' id='word_1_370' title='bbox 774 3730 813 3784; x_wconf 87' lang='lat' dir='ltr'>ier</span> <span class='ocrx_word' id='word_1_371' title='bbox 830 3729 886 3784; x_wconf 89' lang='lat' dir='ltr'>und</span> <span class='ocrx_word' id='word_1_372' title='bbox 904 3731 946 3783; x_wconf 87' lang='lat' dir='ltr'>IV</span> <span class='ocrx_word' id='word_1_373' title='bbox 965 3733 1005 3793; x_wconf 82' lang='lat'>19,</span> <span class='ocrx_word' id='word_1_374' title='bbox 1019 3733 1051 3782; x_wconf 81' lang='lat'>55</span> <span class='ocrx_word' id='word_1_375' title='bbox 1069 3727 1220 3798; x_wconf 80' lang='lat' dir='ltr'>iiberwregt</span> <span class='ocrx_word' id='word_1_376' title='bbox 1237 3726 1284 3781; x_wconf 85' lang='lat' dir='ltr'>der</span> 
     </span>
    </p>

    <p class='ocr_par' dir='ltr' id='par_1_19' title="bbox 119 3749 1284 4208">
     <span class='ocr_line' id='line_1_41' title="bbox 147 3749 1284 3861; baseline -0.002 -10"><span class='ocrx_word' id='word_1_377' title='bbox 147 3815 160 3850; x_wconf 91' lang='lat' dir='ltr'>e</span> <span class='ocrx_word' id='word_1_378' title='bbox 195 3797 229 3852; x_wconf 84' lang='lat' dir='ltr'>iff</span> <span class='ocrx_word' id='word_1_379' title='bbox 242 3817 296 3852; x_wconf 83' lang='lat' dir='ltr'>von</span> <span class='ocrx_word' id='word_1_380' title='bbox 313 3799 434 3853; x_wconf 88' lang='lat' dir='ltr'>addueor</span> <span class='ocrx_word' id='word_1_381' title='bbox 452 3749 508 3852; x_wconf 69' lang='lat' dir='ltr'>‘ici</span> <span class='ocrx_word' id='word_1_382' title='bbox 522 3799 591 3852; x_wconf 85' lang='lat' dir='ltr'>lasse</span> <span class='ocrx_word' id='word_1_383' title='bbox 608 3797 681 3855; x_wconf 89' lang='lat' dir='ltr'>mioh</span> <span class='ocrx_word' id='word_1_384' title='bbox 699 3798 878 3861; x_wconf 85' lang='lat' dir='ltr'>bestimmen&#39;,</span> <span class='ocrx_word' id='word_1_385' title='bbox 905 3798 989 3852; x_wconf 86' lang='lat' dir='ltr'>daher</span> <span class='ocrx_word' id='word_1_386' title='bbox 1013 3801 1061 3861; x_wconf 86' lang='lat' dir='ltr'>ut,</span> <span class='ocrx_word' id='word_1_387' title='bbox 1088 3796 1216 3852; x_wconf 70' lang='lat' dir='ltr'>wthrond</span> <span class='ocrx_word' id='word_1_388' title='bbox 1249 3815 1284 3849; x_wconf 84' lang='lat' dir='ltr'>zu</span> 
     </span>
     <span class='ocr_line' id='line_1_42' title="bbox 120 3863 1282 3937; baseline 0.001 -19"><span class='ocrx_word' id='word_1_389' title='bbox 120 3865 157 3918; x_wconf 87' lang='lat' dir='ltr'>ad</span> <span class='ocrx_word' id='word_1_390' title='bbox 177 3876 243 3921; x_wconf 83' lang='lat' dir='ltr'>neor</span> <span class='ocrx_word' id='word_1_391' title='bbox 261 3867 358 3934; x_wconf 87' lang='lat' dir='ltr'>(neben</span> <span class='ocrx_word' id='word_1_392' title='bbox 376 3866 496 3921; x_wconf 74' lang='lat' dir='ltr'>adducor</span> <span class='ocrx_word' id='word_1_393' title='bbox 513 3871 546 3922; x_wconf 90' lang='lat' dir='ltr'>ut</span> <span class='ocrx_word' id='word_1_394' title='bbox 564 3866 682 3933; x_wconf 85' lang='lat' dir='ltr'>credam)</span> <span class='ocrx_word' id='word_1_395' title='bbox 701 3869 771 3922; x_wconf 86' lang='lat' dir='ltr'>aueh</span> <span class='ocrx_word' id='word_1_396' title='bbox 790 3866 837 3922; x_wconf 89' lang='lat' dir='ltr'>der</span> <span class='ocrx_word' id='word_1_397' title='bbox 853 3869 951 3922; x_wconf 83' lang='lat' dir='ltr'>Aeous.</span> <span class='ocrx_word' id='word_1_398' title='bbox 969 3885 992 3921; x_wconf 88' lang='lat' dir='ltr'>e.</span> <span class='ocrx_word' id='word_1_399' title='bbox 1009 3867 1063 3921; x_wconf 86' lang='lat' dir='ltr'>Inf.</span> <span class='ocrx_word' id='word_1_400' title='bbox 1080 3869 1185 3937; x_wconf 84' lang='lat' dir='ltr'>gesotzt</span> <span class='ocrx_word' id='word_1_401' title='bbox 1202 3863 1282 3919; x_wconf 75' lang='lat' dir='ltr'>wind:</span> 
     </span>
     <span class='ocr_line' id='line_1_43' title="bbox 120 3932 1283 4007; baseline -0.002 -19"><span class='ocrx_word' id='word_1_402' title='bbox 120 3951 160 3988; x_wconf 82' lang='lat' dir='ltr'>or.</span> <span class='ocrx_word' id='word_1_403' title='bbox 179 3954 205 4006; x_wconf 93' lang='lat' dir='ltr'>p.</span> <span class='ocrx_word' id='word_1_404' title='bbox 224 3935 330 3990; x_wconf 80' lang='lat' dir='ltr'>Oluont.</span> <span class='ocrx_word' id='word_1_405' title='bbox 349 3940 390 4001; x_wconf 86' lang='grc'>37,</span> <span class='ocrx_word' id='word_1_406' title='bbox 407 3939 455 3989; x_wconf 89' lang='grc'>104</span> <span class='ocrx_word' id='word_1_407' title='bbox 473 3935 585 3990; x_wconf 86' lang='lat' dir='ltr'>addueti</span> <span class='ocrx_word' id='word_1_408' title='bbox 603 3935 705 3990; x_wconf 87' lang='lat' dir='ltr'>iudiees</span> <span class='ocrx_word' id='word_1_409' title='bbox 724 3939 789 3991; x_wconf 89' lang='lat' dir='ltr'>sunt</span> <span class='ocrx_word' id='word_1_410' title='bbox 806 3954 862 3991; x_wconf 93' lang='lat' dir='ltr'>non</span> <span class='ocrx_word' id='word_1_411' title='bbox 879 3937 960 3991; x_wconf 90' lang='lat' dir='ltr'>modo</span> <span class='ocrx_word' id='word_1_412' title='bbox 978 3935 1100 4007; x_wconf 87' lang='lat' dir='ltr'>potuisse</span> <span class='ocrx_word' id='word_1_413' title='bbox 1117 3934 1230 4005; x_wconf 80' lang='lat' dir='ltr'>honeste</span> <span class='ocrx_word' id='word_1_414' title='bbox 1248 3932 1283 3986; x_wconf 86' lang='lat' dir='ltr'>ab</span> 
     </span>
     <span class='ocr_line' id='line_1_44' title="bbox 119 4001 1282 4075; baseline -0.002 -19"><span class='ocrx_word' id='word_1_415' title='bbox 119 4021 152 4056; x_wconf 92' lang='lat' dir='ltr'>eo</span> <span class='ocrx_word' id='word_1_416' title='bbox 170 4022 247 4058; x_wconf 84' lang='lat' dir='ltr'>reum</span> <span class='ocrx_word' id='word_1_417' title='bbox 265 4004 439 4060; x_wconf 86' lang='lat' dir='ltr'>condemnari</span> <span class='ocrx_word' id='word_1_418' title='bbox 460 4035 488 4043; x_wconf 88' lang='lat'>—</span> <span class='ocrx_word' id='word_1_419' title='bbox 509 4005 555 4058; x_wconf 87' lang='lat' dir='ltr'>sed</span> <span class='ocrx_word' id='word_1_420' title='bbox 581 4003 674 4058; x_wconf 86' lang='lat' dir='ltr'>audire</span> <span class='ocrx_word' id='word_1_421' title='bbox 700 4008 845 4075; x_wconf 88' lang='lat' dir='ltr'>praeterea.</span> <span class='ocrx_word' id='word_1_422' title='bbox 882 4005 917 4058; x_wconf 89' lang='lat' dir='ltr'>ad</span> <span class='ocrx_word' id='word_1_423' title='bbox 935 4006 995 4059; x_wconf 73' lang='lat' dir='ltr'>Ate.</span> <span class='ocrx_word' id='word_1_424' title='bbox 1014 4003 1056 4058; x_wconf 88' lang='lat' dir='ltr'>XI</span> <span class='ocrx_word' id='word_1_425' title='bbox 1076 4008 1115 4065; x_wconf 88' lang='grc'>16,</span> <span class='ocrx_word' id='word_1_426' title='bbox 1134 4007 1149 4054; x_wconf 82' lang='lat'><strong>2</strong></span> <span class='ocrx_word' id='word_1_427' title='bbox 1169 4001 1215 4056; x_wconf 89' lang='lat' dir='ltr'>sed</span> <span class='ocrx_word' id='word_1_428' title='bbox 1234 4019 1282 4071; x_wconf 86' lang='lat' dir='ltr'>ego</span> 
     </span>
     <span class='ocr_line' id='line_1_45' title="bbox 120 4071 1281 4144; baseline -0.002 -19"><span class='ocrx_word' id='word_1_429' title='bbox 120 4091 177 4126; x_wconf 93' lang='lat' dir='ltr'>non</span> <span class='ocrx_word' id='word_1_430' title='bbox 195 4071 316 4128; x_wconf 83' lang='lat' dir='ltr'>adducor</span> <span class='ocrx_word' id='word_1_431' title='bbox 333 4092 497 4144; x_wconf 88' lang='lat' dir='ltr'>quemquam</span> <span class='ocrx_word' id='word_1_432' title='bbox 515 4072 617 4128; x_wconf 89' lang='lat' dir='ltr'>bonum</span> <span class='ocrx_word' id='word_1_433' title='bbox 637 4073 719 4128; x_wconf 87' lang='lat' dir='ltr'>ullam</span> <span class='ocrx_word' id='word_1_434' title='bbox 738 4074 856 4129; x_wconf 88' lang='lat' dir='ltr'>salutem</span> <span class='ocrx_word' id='word_1_435' title='bbox 878 4077 975 4144; x_wconf 85' lang='lat' dir='ltr'>putare</span> <span class='ocrx_word' id='word_1_436' title='bbox 998 4072 1068 4126; x_wconf 89' lang='lat' dir='ltr'>mihi</span> <span class='ocrx_word' id='word_1_437' title='bbox 1091 4071 1165 4126; x_wconf 85' lang='lat' dir='ltr'>tanti</span> <span class='ocrx_word' id='word_1_438' title='bbox 1189 4071 1281 4125; x_wconf 80' lang='lat' dir='ltr'>fuisse.</span> 
     </span>
     <span class='ocr_line' id='line_1_46' title="bbox 120 4138 1283 4208; baseline -0.002 -15"><span class='ocrx_word' id='word_1_439' title='bbox 120 4140 155 4193; x_wconf 90' lang='lat' dir='ltr'>de</span> <span class='ocrx_word' id='word_1_440' title='bbox 173 4141 257 4195; x_wconf 88' lang='lat' dir='ltr'>divin.</span> <span class='ocrx_word' id='word_1_441' title='bbox 276 4143 291 4196; x_wconf 94' lang='lat' dir='ltr'><strong>I</strong></span> <span class='ocrx_word' id='word_1_442' title='bbox 311 4148 351 4208; x_wconf 85' lang='grc'>18,</span> <span class='ocrx_word' id='word_1_443' title='bbox 370 4148 403 4197; x_wconf 85' lang='grc'>35</span> <span class='ocrx_word' id='word_1_444' title='bbox 422 4160 470 4196; x_wconf 88' lang='lat' dir='ltr'>neo</span> <span class='ocrx_word' id='word_1_445' title='bbox 489 4142 609 4196; x_wconf 76' lang='lat' dir='ltr'>adducar</span> <span class='ocrx_word' id='word_1_446' title='bbox 626 4145 676 4196; x_wconf 88' lang='lat' dir='ltr'>aut</span> <span class='ocrx_word' id='word_1_447' title='bbox 693 4143 723 4197; x_wconf 92' lang='lat' dir='ltr'>in</span> <span class='ocrx_word' id='word_1_448' title='bbox 740 4142 810 4197; x_wconf 86' lang='lat' dir='ltr'>extis</span> <span class='ocrx_word' id='word_1_449' title='bbox 828 4145 917 4197; x_wconf 84' lang='lat' dir='ltr'>totam</span> <span class='ocrx_word' id='word_1_450' title='bbox 935 4141 1076 4198; x_wconf 81' lang='lat' dir='ltr'>Etruriam</span> <span class='ocrx_word' id='word_1_451' title='bbox 1094 4138 1207 4193; x_wconf 87' lang='lat' dir='ltr'>delirare</span> <span class='ocrx_word' id='word_1_452' title='bbox 1234 4143 1283 4191; x_wconf 87' lang='lat' dir='ltr'>aut</span> 
     </span>
    </p>
   </div>
   <div class='ocr_carea' id='block_1_12' title="bbox 21 4207 1282 4456">
    <p class='ocr_par' dir='ltr' id='par_1_20' title="bbox 21 4207 1282 4456">
     <span class='ocr_line' id='line_1_47' title="bbox 120 4207 1282 4334; baseline -0.003 -72"><span class='ocrx_word' id='word_1_453' title='bbox 120 4210 236 4264; x_wconf 89' lang='lat' dir='ltr'>eandem</span> <span class='ocrx_word' id='word_1_454' title='bbox 241 4213 365 4334; x_wconf 57' lang='lat' dir='ltr'><strong>ffentem</strong></span> <span class='ocrx_word' id='word_1_455' title='bbox 382 4211 413 4266; x_wconf 91' lang='lat' dir='ltr'>in</span> <span class='ocrx_word' id='word_1_456' title='bbox 430 4210 584 4278; x_wconf 75' lang='lat' dir='ltr'>fulgoribus</span> <span class='ocrx_word' id='word_1_457' title='bbox 604 4228 691 4265; x_wconf 85' lang='lat' dir='ltr'>errare</span> <span class='ocrx_word' id='word_1_458' title='bbox 713 4215 762 4266; x_wconf 86' lang='lat' dir='ltr'>aut</span> <span class='ocrx_word' id='word_1_459' title='bbox 788 4211 920 4266; x_wconf 76' lang='lat' dir='ltr'>fallaciter</span> <span class='ocrx_word' id='word_1_460' title='bbox 946 4213 1072 4282; x_wconf 89' lang='lat' dir='ltr'>portenta</span> <span class='ocrx_word' id='word_1_461' title='bbox 1099 4207 1282 4288; x_wconf 87' lang='lat' dir='ltr'>interpretari.</span> 
     </span>
     <span class='ocr_line' id='line_1_48' title="bbox 119 4278 1282 4350; baseline 0 -20"><span class='ocrx_word' id='word_1_462' title='bbox 119 4279 154 4332; x_wconf 91' lang='lat' dir='ltr'>de</span> <span class='ocrx_word' id='word_1_463' title='bbox 171 4279 223 4348; x_wconf 80' lang='lat' dir='ltr'>leg.</span> <span class='ocrx_word' id='word_1_464' title='bbox 281 4285 333 4342; x_wconf 83' lang='lat'>3,6</span> <span class='ocrx_word' id='word_1_465' title='bbox 351 4284 384 4334; x_wconf 90' lang='lat' dir='ltr'>ut</span> <span class='ocrx_word' id='word_1_466' title='bbox 402 4281 458 4334; x_wconf 87' lang='lat' dir='ltr'>iam</span> <span class='ocrx_word' id='word_1_467' title='bbox 476 4280 568 4333; x_wconf 84' lang='lat' dir='ltr'>videar</span> <span class='ocrx_word' id='word_1_468' title='bbox 586 4278 685 4333; x_wconf 88' lang='lat' dir='ltr'>adduoi</span> <span class='ocrx_word' id='word_1_469' title='bbox 702 4280 773 4334; x_wconf 87' lang='lat' dir='ltr'>hane</span> <span class='ocrx_word' id='word_1_470' title='bbox 791 4298 905 4350; x_wconf 87' lang='lat' dir='ltr'>quoque,</span> <span class='ocrx_word' id='word_1_471' title='bbox 924 4297 993 4348; x_wconf 85' lang='lat' dir='ltr'>quas</span> <span class='ocrx_word' id='word_1_472' title='bbox 1010 4283 1038 4332; x_wconf 88' lang='lat' dir='ltr'>te</span> <span class='ocrx_word' id='word_1_473' title='bbox 1049 4280 1204 4349; x_wconf 85' lang='lat' dir='ltr'>proerear1t‚</span> <span class='ocrx_word' id='word_1_474' title='bbox 1224 4293 1282 4330; x_wconf 86' lang='lat' dir='ltr'>esse</span> 
     </span>
     <span class='ocr_line' id='line_1_49' title="bbox 21 4347 858 4456; baseline 0.002 -55"><span class='ocrx_word' id='word_1_475' title='bbox 21 4387 23 4456; x_wconf 41' lang='lat' dir='ltr'>p</span> <span class='ocrx_word' id='word_1_476' title='bbox 115 4348 240 4416; x_wconf 86' lang='lat' dir='ltr'>patriam</span> <span class='ocrx_word' id='word_1_477' title='bbox 259 4352 343 4403; x_wconf 85' lang='lat' dir='ltr'>tuam.</span> <span class='ocrx_word' id='word_1_478' title='bbox 365 4379 394 4388; x_wconf 85' lang='lat'><em>-</em></span> <span class='ocrx_word' id='word_1_479' title='bbox 414 4347 503 4404; x_wconf 86' lang='lat' dir='ltr'>Ueber</span> <span class='ocrx_word' id='word_1_480' title='bbox 520 4347 588 4403; x_wconf 89' lang='lat' dir='ltr'>illud</span> <span class='ocrx_word' id='word_1_481' title='bbox 606 4366 627 4402; x_wconf 89' lang='lat' dir='ltr'>s.</span> <span class='ocrx_word' id='word_1_482' title='bbox 646 4349 748 4420; x_wconf 88' lang='lat' dir='ltr'>Zumpt</span> <span class='ocrx_word' id='word_1_483' title='bbox 766 4351 778 4414; x_wconf 82' lang='lat'>§</span> <span class='ocrx_word' id='word_1_484' title='bbox 799 4352 858 4403; x_wconf 85' lang='lat'><strong>385.</strong></span> 
     </span>
    </p>
   </div>
   <div class='ocr_carea' id='block_1_13' title="bbox 0 0 1516 4938">
    <p class='ocr_par' dir='ltr' id='par_1_21' title="bbox 0 0 1516 4938">
     <span class='ocr_line' id='line_1_50' title="bbox 0 0 1516 4938; baseline 0 3"><span class='ocrx_word' id='word_1_485' title='bbox 0 0 1516 4938; x_wconf 95' lang='lat' dir='ltr'> </span> 
     </span>
    </p>
   </div>
  </div>
 </body>
</html>
