3020 4948
249 323 289 384 98
480 319 700 388 Dii-,PINIBUS
718 319 904 374 BONORUM
922 321 969 375 ΕΤ
987 321 1177 376 MALORUM

247 491 401 575 fingeres,
428 513 491 576 quo
515 491 646 575 gravior
668 491 833 570 viderere,
857 514 924 556 non
948 513 1037 556 esses
1059 492 1109 555 tui
1132 492 1268 557 similis:
1308 496 1412 560 verba
1507 483 1508 488 ἵ

246 601 286 657 tu
309 594 414 678 fingas
439 601 473 659 et
497 616 535 658 ea
558 595 659 673 dicas,
685 616 766 678 quae
789 616 856 658 non
880 596 1024 662 sentias?
1056 596 1257 676 autetiam,
1291 604 1331 661 ut
1352 620 1410 662 ve·
1507 627 1508 648 1

248 696 379 775 stitum,
405 696 452 759 sic
476 695 676 760 sententiam
698 696 821 760 habeas
845 695 943 760 aliam
967 697 1202 776 domesticam,
1236 697 1410 763 111111110-

245 821 385 878 rensem,
409 799 497 862 utin
519 799 628 863 fronte
652 800 833 862 ostentatio
858 799 913 878 sit,
938 800 1028 864 intus
1051 801 1173 866 veritas
1198 803 1408 872 occultetur?

245 903 342 980 Vide,
368 924 506 986 quaeso,
531 907 701 968 rectumne
725 903 781 967 sit.
826 903 913 967 Mihi
937 904 1069 987 quidem
1092 926 1148 969 eae
1172 927 1269 969 verae
1293 905 1407 970 viden-

245 1012 300 1069 tur
324 1005 504 1089 opiniones,
531 1027 613 1088 quae
637 1007 809 1084 honestae,
835 1028 919 1088 quae
942 1006 1143 1086 laudabiles,
1175 1029 1258 1091 quae
1281 1009 1408 1091 glorio-

245 1129 310 1187 sae,
337 1128 420 1190 quae
442 1107 477 1170 in
509 1112 647 1186 senatu,
688 1129 771 1190 quae
804 1108 890 1193 apud
922 1109 1101 1194 populum,
1136 1131 1219 1192 quae
1249 1110 1284 1173 in
1317 1113 1410 1174 omni

245 1218 343 1274 coetu
367 1209 572 1294 concilioque
595 1211 799 1294 profitendae
824 1211 902 1290 sint,
927 1233 968 1276 ne
992 1211 1026 1275 id
1048 1234 1115 1276 non
1130 1213 1254 1297 pudeat
1269 1213 1408 1291 sentire,

244 1311 333 1396 quod
355 1311 480 1395 pudeat
502 1312 623 1377 dicere.

331 1412 394 1497 (78)
418 1413 595 1478 Amicitiae
619 1435 695 1477 vero
719 1413 814 1477 locus
837 1415 895 1478 ubi
918 1437 989 1479 esse
1012 1422 1125 1500 potest
1149 1423 1207 1479 aut
1230 1416 1303 1499 quis
1326 1417 1409 1480 ami-

244 1539 301 1580 cus
326 1538 397 1580 esse
422 1517 592 1601 cuiquam,
627 1539 723 1601 quem
752 1540 819 1581 non
850 1519 959 1603 ipsum
991 1526 1080 1583 amet
1111 1525 1246 1602 propter
1276 1519 1409 1604 ipsum?

243 1619 333 1683 Quid
357 1626 469 1684 autem
493 1627 544 1684 est
567 1642 692 1700 amare,
718 1642 734 1684 e
759 1643 823 1703 quc
846 1643 967 1686 nomen
991 1622 1128 1686 ductum
1152 1621 1316 1686 amicitiae
1338 1628 1406 1700 est,

239 1722 306 1785 nisi
328 1723 415 1786 velle
438 1722 534 1786 bonis
554 1723 697 1806 aliquem
720 1722 809 1787 affici
833 1747 930 1807 quam
953 1724 1116 1803 maximis,
1143 1725 1243 1789 etiam
1268 1725 1294 1788 si
1309 1725 1351 1788 ad
1367 1747 1405 1788 se

242 1845 282 1888 ex
305 1824 344 1887 iis
368 1823 452 1887 nihil
474 1824 660 1892 redundet?
705 1824 856 1905 Prodest,
881 1825 1001 1909 inquit,
1026 1827 1107 1890 mihi
1131 1848 1169 1890 eo
1195 1847 1266 1890 esse
1282 1825 1406 1890 animo.

241 1927 348 1991 Immo
372 1927 476 1991 videri
499 1927 656 1992 fortasse:
688 1949 759 1992 esse
784 1929 881 2007 enim,
906 1929 971 1992 nisi
994 1929 1068 2008 eris,
1093 1951 1160 1993 non
1182 1936 1288 2014 potes.
1336 1929 1408 1993 Qui

241 2038 353 2094 autem
376 2052 448 2094 esse
471 2031 605 2116 poteris,
630 2031 751 2094 uisite
776 2054 867 2095 amor
881 2032 952 2115 ipse
969 2032 1114 2116 ceperit?
1139 2033 1227 2115 quod
1242 2054 1309 2094 non
1323 2032 1406 2095 suh-

241 2134 341 2197 ducta
363 2134 519 2197 utilitatis
542 2134 670 2198 ratione
695 2133 782 2198 effici
806 2135 903 2213 solet,
929 2134 988 2199 sed
1010 2135 1118 2219 ipsum
1141 2158 1160 2198 a
1184 2156 1218 2198 se
1241 2135 1346 2198 oritur
1370 2143 1404 2198 et

240 2260 298 2301 sua
322 2245 440 2321 sponte
456 2238 614 2302 nascitur.
665 2239 725 2300 ‘At
749 2237 836 2300 enim
859 2259 978 2322 sequor
1000 2237 1205 2302 utilitatem!
1251 2239 1406 2302 Manebit

241 2362 319 2425 ergo
336 2340 481 2404 amicitia
496 2347 567 2405 tam
583 2340 649 2419 diu,
676 2341 845 2423 quamdiu
869 2349 1026 2424 sequetur
1049 2341 1189 2420 utilitas,
1216 2348 1260 2419 et,
1285 2341 1312 2404 si
1334 2341 1405 2404 uti-

239 2443 318 2507 litas
342 2443 525 2506 constituet
547 2441 737 2520 amicitiam,
762 2442 863 2505 tollet
886 2442 1010 2507 eadem.
1044 2442 1107 2527 179)
1132 2442 1196 2506 Sed
1221 2443 1298 2526 quid
1323 2464 1405 2526 ages

239 2546 385 2623 tandem,
411 2545 439 2607 si
462 2543 590 2607 utilitas
614 2545 654 2607 ab
680 2544 834 2623 amicitia,
860 2550 897 2608 ut
919 2546 959 2608 fit
981 2567 1089 2631 saepe,
1116 2545 1299 2610 defecerit?
1337 2547 1403 2610 Re·

239 2649 437 2732 linquesne?
462 2669 544 2731 quae
568 2648 633 2712 ista
655 2647 801 2712 amicitia
824 2653 895 2714 est?
924 2649 1121 2714 Retinebis?
1146 2650 1200 2733 qui
1225 2649 1403 2714 convenit?

240 2750 318 2835 quid
343 2750 429 2814 enim
453 2749 493 2813 de
524 2750 669 2814 amicitia
698 2750 855 2814 statueris
884 2750 1041 2814 utilitatis
1072 2774 1169 2815 causa
1202 2751 1401 2836 expetenda,

238 2854 342 2918 vides.
391 2854 454 2917 ‘Ne
478 2853 512 2916 in
536 2853 646 2917 odium
679 2853 830 2933 veniam,
864 2855 892 2917 si
924 2855 1064 2920 amicum
1097 2855 1256 2919 destitero
1288 2856 1403 2920 tueri?

238 3043 266 3078 er
284 3023 373 3078 besser
391 3024 537 3094 gehandelt
555 3024 594 3078 als
612 3024 786 3095 gesprochen.
816 3023 904 3079 Kaine
921 3025 968 3079 der
985 3023 1043 3080 drei
1061 3025 1201 3091 Pheorien,
1220 3025 1318 3080 welche
1336 3026 1402 3080 Tor·

238 3098 338 3215 quatpa
355 3092 484 3229 uberssdie
502 3093 705 3148 Preundschaft
722 3093 879 3164 autgestellt
896 3094 962 3158 hat,
988 3095 1057 3148 11111
1081 3094 1138 3150 sich
1166 3093 1284 3165 billigen.
1320 3095 1401 3166 (Cap.

307 3231 353 3286 78.
388 3231 577 3286 Amicitiae
602 3248 680 3285 vero
706 3231 802 3286 locus
830 3235 880 3286 etc.
916 3231 1219 3304 Aussuhrlich'spricht
1241 3232 1308 3287 iiber
1327 3231 1401 3286 disse

237 3300 318 3356 Stella
337 3304 363 3368 (ξ
384 3304 497 3367 18-81)
517 3301 556 3354 als
575 3299 691 3370 Beispiel
713 3299 786 3354 einer
807 3300 935 3371 langeron
958 3299 1192 3372 durohgestihrten
1214 3301 1400 3371 dialogischen

237 3371 328 3434 Porm,
347 3369 390 3424 die
408 3369 488 3424 keine
506 3369 646 3424 altercatio
664 3369 709 3432 ist,
729 3368 844 3438 Seyffert
862 3369 950 3424 Schol.
960 3370 1007 3424 111.
1025 3370 1041 3424 I
1059 3369 1084 3423 S.
1098 3375 1242 3424 loa—170,
1286 3389 1401 3425 amare

236 3458 249 3492 e
268 3458 332 3509 quo
351 3456 473 3493 nomen
490 3438 628 3493 ductum
647 3437 822 3492 amicitiae
840 3442 903 3492 est:
932 3437 1061 3506 (11111111.
1080 3443 1104 3503 8,
1123 3439 1347 3502 neomaenia,
1367 3456 1400 3492 ex

237 3527 289 3578 quo
309 3507 432 3562 amicitia
449 3507 592 3562 nominata
611 3510 661 3562 est.
680 3506 712 3559 de
730 3510 787 3561 nat.
806 3507 878 3562 deor.
896 3507 911 3561 I
929 3512 970 3570 44,
991 3511 1039 3560 122
1058 3507 1159 3562 (larum
1177 3509 1268 3580 ipsum
1285 3508 1399 3562 verbum

236 3580 276 3631 est
294 3577 402 3640 amoris,
422 3594 453 3630 ex
471 3595 524 3646 quo
543 3575 681 3631 amicitiae
700 3592 797 3629 nomen
816 3580 857 3630 cst
875 3575 997 3630 ductum.
1049 3577 1154 3630 adse:
1173 3577 1221 3632 das
1240 3577 1323 3632 Pron.
1341 3595 1397 3632 ver

131 3699 132 3706 ,
235 3645 299 3700 tritt
316 3645 365 3699 das
383 3645 413 3698 in
432 3645 484 3700 den
501 3644 658 3700 Infinitiven
677 3662 775 3708 amare,
794 3643 860 3698 velle
877 3644 998 3714 liegende
1016 3644 1135 3716 Subject.
1164 3647 1191 3700 S.
1210 3666 1244 3700 zu
1261 3647 1276 3700 Ι
1293 3650 1336 3710 20,
1355 3649 1398 3699 61.

234 3713 399 3768 redundet
417 3713 455 3769 ist
473 3713 531 3768 eina
549 3713 700 3784 gliiclrliche
717 3712 900 3768 Emendation
918 3713 1046 3784 Madvigs
1073 3733 1122 3769 aus
1152 3715 1324 3786 denhesart
1350 3714 1398 3768 der

237 3785 329 3835 beaten
348 3781 446 3836 codd:
472 3782 586 3837 redeunt
604 3786 638 3836 et.
674 3781 772 3836 Bisher
789 3782 839 3836 hat
857 3801 921 3836 man
939 3801 974 3836 an
992 3783 1040 3837 der
1056 3784 1155 3838 hasart
1173 3785 1219 3839 der
1236 3784 1398 3854 geringeren

235 3849 319 3904 Codd.
338 3850 431 3904 redeat
448 3854 475 3904 et
492 3851 682 3919 festgehaltan.
752 3851 911 3913 Prodest,
930 3852 1046 3922 inquit
1064 3857 1113 3907 etc.
1143 3853 1195 3907 Die
1213 3854 1253 3907 Ar
1272 3856 1396 3907 umente·

234 3919 294 3972 tion
311 3919 356 3998 ist·
368 3918 505 3998 fulgenda:
525 3918 562 3973 du
581 3923 665 4000 sagst,
683 3919 721 3974 du
734 3919 799 3974 seist
817 3919 927 3974 deshalb
946 3938 976 3974 so
994 3921 1111 3991 31111111,
1130 3923 1190 3977 weil
1207 3941 1235 3977 es
1252 3873 1296 3976 dir
1313 3924 1398 3976 ntitze

234 4005 392 4052 scansam
411 3987 474 4042 aber
482 4005 545 4057 Jene
554 3987 715 4058 Gesrnnung
727 3989 827 4043 beruht
838 3986 936 4058 gerade
949 3989 1053 4054 darauf,
1073 3990 1136 4045 dass
1154 3991 1192 4045 du
1210 3992 1262 4046 den
1271 3991 1397 4045 Wunsoh

234 4055 305 4120 hast,
325 4056 384 4110 dem
403 4056 529 4111 Preunde
546 4060 645 4126 mdgen
663 4063 708 4113 md
728 4057 810 4112 lichst
827 4075 921 4128 grosse
939 4057 1025 4113 enter
1042 4078 1077 4113 zu
1095 4059 1173 4114 Theil
1190 4061 1305 4124 werden,
1323 4060 1396 4114 auch

233 4144 310 4180 wenn
330 4125 372 4179 dir
389 4126 467 4180 nicht
484 4125 531 4180 der
549 4127 687 4196 geringste
705 4075 830 4180 dortheil
847 4127 945 4181 danaus
965 4128 1111 4194 erwtohst3
1136 4148 1213 4185 wenn
1238 4130 1274 4185 du
1301 4129 1396 4192 daher,

233 4194 337 4249 weilos
356 4197 450 4260 1111111,
476 4214 505 4249 10
523 4195 633 4266 gesinnt
650 4195 723 4258 bist,
748 4213 777 4249 ao
796 4195 852 4250 bist
870 4194 907 4249 du
925 4196 1002 4251 nicht
1020 4215 1049 4251 so
1068 4197 1190 4268 gesinnt,
1215 4198 1332 4254 sondern
1356 4197 1397 4252 du

233 4263 354 4318 scheinst
371 4283 430 4318 nur.
500 4266 544 4319 At
563 4264 690 4319 enims.
709 4282 743 4318 zu
760 4264 800 4318 IV
821 4268 860 4329 15,
879 4269 921 4318 40.

303 4333 349 4388 79.
385 4333 630 4389 Neinodium
648 4333 782 4388 veniam
809 4333 1122 4391 11111111111111111111111.
1159 4334 1396 4401 11111111,
