2974 4950
278 319 340 382 278
514 317 565 372 nu
582 281 937 374 rrumus‘aouoaun
955 318 1001 374 uu
1020 317 1209 374 umorum

277 489 305 554 si
332 487 574 574 Peripateticus
602 487 736 566 luisset,
766 489 1017 572 permansisset,
1049 490 1165 569 credo,
1194 488 1229 553 in
1256 491 1437 569 sententia,

277 591 333 675 qui
362 590 511 655 dolorem
538 591 663 655 malum
692 589 809 654 dicunt
832 612 920 670 esse,
951 592 992 655 de
1018 591 1197 675 asperitate
1225 599 1339 656 autern
1370 593 1437 657 eius

274 693 409 759 fortiter
431 692 566 758 ferenda
587 691 795 776 praecipiunt
824 693 938 757 eadem
967 715 1050 778 quae
1074 693 1189 758 Stoici.
1235 695 1281 758 Et
1303 695 1438 780 quidem

276 795 444 862 Arcesilas
471 802 565 875 tuus,
600 795 664 858 etsi
697 792 761 857 fuit
794 794 828 858 iu
857 794 1048 861 disserendo
1072 795 1291 882 pertinacior,
1324 803 1437 862 tamen

274 903 388 964 noster
410 897 490 975 luit3
516 903 586 962 erat
607 897 693 961 enim
709 895 911 962 Polemonis.
957 897 993 961 Is
1017 919 1092 962 cum
1115 897 1247 962 arderet
1268 898 1436 984 podagrae

276 1001 446 1067 doloribus
476 999 710 1083 visitassetque
734 999 902 1064 homiuem
925 999 1120 1065 Charmides
1143 1000 1326 1084 Epicureus
1365 1025 1435 1088 per·

274 1102 445 1168 familiaris
469 1110 504 1168 et
525 1102 633 1166 tristis
657 1103 776 1182 exiret,
809 1103 910 1168 Mane
938 1125 1077 1187 quaeso,
1105 1103 1228 1187 inquit,
1260 1105 1434 1170 Charmide

274 1214 404 1282 nostem
435 1205 520 1270 nihil
542 1205 635 1269 illino
658 1205 724 1270 hue
752 1205 917 1290 pervenit:
949 1206 1099 1272 ostendit
1121 1208 1223 1291 pedes
1247 1216 1282 1272 et
1304 1216 1432 1292 pectus.

275 1309 326 1373 Ac
349 1315 462 1372 tamen
486 1306 540 1371 hie
563 1308 681 1372 mallet
703 1329 771 1372 non
793 1307 916 1372 dolere.

360 1409 511 1492 XXXII.
557 1407 625 1493 (95)
648 1409 740 1474 Haeo
768 1410 872 1494 igitur
900 1417 952 1475 est
981 1418 1094 1476 nostra
1125 1411 1230 1491 ratio,
1262 1433 1346 1496 quae
1374 1412 1431 1476 tibi

274 1512 406 1578 videtur
427 1512 631 1589 inconstans,
657 1533 732 1576 cum
754 1519 890 1596 propter
911 1513 1046 1578 virtutis
1070 1515 1250 1579 caelestem
1272 1515 1429 1597 quandam

275 1621 309 1679 et
332 1612 477 1678 divinam
499 1617 695 1698 tantamque
718 1613 972 1697 praestantiam,
1002 1621 1056 1694 ut,
1090 1615 1150 1680 nbi
1171 1615 1277 1680 virtus
1300 1616 1346 1680 sit
1366 1636 1429 1680 res·
1465 1605 1468 1696 i

274 1736 337 1800 que
368 1736 507 1800 maguae
537 1721 571 1780 et
599 1735 727 1780 summe
755 1715 940 1780 laudabiles
968 1716 1091 1782 virtute
1121 1723 1251 1802 gestae,
1288 1717 1335 1782 ibi
1364 1739 1430 1782 esse
1467 1715 1468 1784 ἶ

272 1820 404 1887 miseria
427 1827 462 1884 et
484 1841 640 1884 aerumna
663 1841 729 1884 non
757 1820 880 1903 possit,
914 1827 1027 1884 tamen
1054 1821 1150 1886 labor
1176 1821 1298 1905 possit,
1329 1821 1430 1904 possit
1467 1855 1468 1858 =

273 1921 444 2002 molestia,
472 1943 540 1988 non
568 1920 718 1987 dubitem
747 1921 855 1988 dicere
884 1944 997 1988 omnes
1021 1924 1187 2008 sapientes
1211 1945 1341 2010 semper
1364 1945 1428 1988 esse

273 2026 404 2108 beatos,
428 2026 486 2092 sed
509 2033 621 2090 tamen
645 2025 716 2091 lieri
739 2046 835 2110 posse
859 2031 898 2090 ut
913 2025 958 2090 sit
974 2026 1058 2091 alins
1075 2027 1139 2092 alio
1163 2027 1304 2092 beatior.
1331 2023 1428 2108 Atqui
1467 2107 1468 2110 Ἴ

273 2128 338 2192 iste
362 2130 456 2193 locus
473 2135 534 2208 est,
561 2128 649 2207 Piso,
673 2127 737 2191 tibi
756 2127 858 2192 etiam
873 2134 975 2212 atque
991 2129 1092 2193 etiam
1112 2129 1368 2207 confirmandus,
1384 2126 1426 2190 in-

273 2253 389 2315 quam:
425 2252 523 2316 quem
546 2231 573 2294 si
595 2229 759 2309 tenueris,
788 2253 855 2296 non
877 2231 975 2295 modo
999 2253 1109 2296 meum
1133 2232 1346 2310 Ciceronem,
1376 2229 1426 2292 sed

274 2337 375 2400 etiam
391 2357 443 2399 me
459 2335 568 2420 ipsum
584 2333 729 2398 abducas
744 2333 872 2398 licebit.
897 2331 963 2417 (96)
987 2334 1071 2398 Tum
1087 2334 1246 2413 Quintus,
1262 2335 1350 2398 Mihi
1365 2332 1425 2416 qui·

273 2437 361 2516 dem,
378 2435 497 2520 inquit,
522 2435 603 2500 satis
614 2435 678 2499 hoc
691 2436 922 2500 confirmatum
932 2434 1074 2515 videtur,
1090 2437 1263 2520 laetorque
1275 2459 1348 2502 eam
1363 2433 1423 2519 phi-

272 2539 470 2624 Iosophiam,
496 2538 588 2601 cuius
609 2544 708 2601 antea
724 2536 968 2621 supellectilem
982 2538 1087 2622 pluris
1102 2539 1321 2605 aestimabam
1338 2558 1423 2622 quam

273 2639 498 2725 possessiones
520 2639 723 2723 reliquarum
745 2639 858 2702 -ita
880 2639 962 2703 mihi
985 2638 1078 2705 dives
1100 2640 1294 2722 videbatur,
1328 2648 1365 2706 ut
1383 2639 1422 2724 {ab

274 2766 313 2808 ea
340 2749 452 2827 petere
481 2763 612 2826 possem
641 2741 800 2824 quidquid
828 2741 863 2806 in
895 2741 1014 2806 studiis
1048 2743 1171 2808 nostris
1207 2745 1421 2831 concepissem

273 2882 326 2924 —,
343 2847 430 2908 hanc
445 2843 547 2927 igitur
561 2844 670 2908 laetor
685 2843 785 2907 etiam
803 2844 984 2910 acutiorem
1000 2852 1165 2929 repertam
1181 2870 1279 2930 quam
1296 2856 1420 2918 ceteras,
1464 2839 1466 2874 l

151 2934 154 2938 ⁵
274 2946 363 3031 quod
386 2944 518 3028 quidam
542 2945 572 3008 ei
595 2944 709 3008 deesse
741 2946 910 3010 dicebant.
956 2947 1035 3011 Non
1063 2969 1160 3031 quam
1188 2954 1336 3013 nostram
1361 2944 1419 3030 qui·

273 3133 327 3198 illa,
346 3149 414 3203 quae
432 3135 513 3186 antea
532 3131 565 3185 dc
582 3130 673 3185 dolore
691 3132 749 3202 ipse
766 3132 903 3187 sensisset.
1002 3132 1061 3203 qui
1079 3131 1227 3188 dolorem
1246 3135 1365 3190 malum
1381 3129 1419 3183 di·

274 3205 357 3258 cunt
375 3218 454 3256 asae.
490 3200 531 3254 Zu
549 3199 645 3254 dicunt
661 3201 731 3254 ldast
749 3201 807 3255 sich
834 3206 904 3255 rwa'r
930 3200 980 3256 dae
998 3200 1075 3271 Subj.
1093 3201 1155 3256 Peri
1175 3203 1269 3258 atetici
1295 3221 1344 3258 aus
1368 3200 1419 3254 dem

272 3268 499 3340 vorangehendeu
516 3269 715 3340 Peripateticus
732 3287 780 3340 per
798 3270 908 3340 synesin
925 3269 1106 3333 entnehmen,
1132 3220 1197 3326 aliar
1214 3270 1258 3326 die
1275 3273 1366 3327 Wortc
1380 3266 1418 3336 qui

273 3339 392 3394 dolorem
411 3368 443 3378 -
462 3355 531 3408 quae
543 3336 630 3392 Stoici
647 3337 774 3392 acheinen
792 3336 863 3393 doch
880 3357 933 3392 nur
950 3337 997 3393 der
1015 3338 1115 3394 Zusatz
1133 3339 1207 3395 eines
1226 3339 1376 3396 Glossatcrs
1391 3352 1418 3387 zu

274 3408 340 3462 asin.
391 3406 607 3462 Arcesilaus.
627 3423 661 3460 ru
679 3407 709 3461 Π
728 3411 751 3470 1,
770 3409 794 3460 2.
864 3405 1002 3462 Polemo
1020 3425 1041 3462 s.
1059 3408 1142 3463 zuII
1161 3413 1201 3471 11,
1220 3412 1261 3463 34.
1330 3405 1417 3462 Char-

273 3475 382 3532 mides
399 3493 455 3532 war
472 3475 516 3530 ein
528 3473 677 3545 Anhanger
694 3474 743 3529 der
760 3475 960 3546 epicureiaohen
971 3475 1083 3531 Philcso
1102 3475 1160 3542 hie;
1179 3475 1263 3532 daher
1274 3475 1416 3550 Epicureus,

273 3545 323 3600 wie
340 3542 455 3626 Madvig
472 3561 521 3625 aus
541 3543 602 3597 dem
620 3542 729 3625 hdschr.
747 3543 880 3667 Epicurus
898 3543 1061 3600 vortrcffiich
1078 3495 1235 3616 iurgarent
1253 3545 1310 3601 bat.
1334 3540 1417 3623 Biaher

162 3637 164 3640 ·
272 3614 313 3667 las
325 3631 390 3668 man
402 3613 514 3684 Eprcurr
530 3611 730 3683 per-fammaris,
748 3631 765 3666 a
784 3631 812 3667 er
829 3612 888 3668 hrer
906 3630 947 3668 wo
964 3613 1008 3668 ein
1020 3613 1128 3668 Besuch
1147 3613 1190 3670 bei
1198 3614 1311 3671 Polemo
1328 3606 1416 3667 uzant

273 3681 349 3745 wird,
368 3684 438 3736 witru
456 3680 543 3736 dieser
560 3681 660 3734 Zueatz
679 3681 815 3736 durchaus
833 3681 995 3753 unpasscud.

278 3763 280 3767 ·
342 3749 394 3804 at.
416 3753 532 3805 tamen
549 3748 647 3805 labor
663 3751 787 3873 possit,
805 3751 920 3822 possit
937 3750 1100 3806 molestia
1121 3774 1146 3799 =
1168 3755 1261 3806 tamen
1278 3749 1350 3806 labor
1365 3761 1413 3816 por·

273 3818 318 3883 ait,
336 3837 385 3872 nec
403 3818 493 3873 minus
511 3817 600 3890 possit
617 3817 749 3873 moestia.
776 3821 805 3874 S.
824 3838 858 3874 zu
875 3820 965 3884 1121,
984 3824 1017 3874 68
1033 3819 1107 3890 quod
1125 3819 1204 3876 nobis
1222 3838 1279 3876 non
1294 3819 1374 3877 liceat
1389 3810 1413 3864 Ῑῑ·

273 3890 333 3942 ceat
349 3886 411 3942 illia

380 4025 436 4091 vr.
469 3999 610 4092 senuas.
655 4025 721 4093 noo
744 4025 801 4092 ur
822 4026 1094 4110 perpaucanon
1116 4027 1327 4112 annosque.

341 4157 393 4213 96.
429 4159 778 4231 camphilosophiam
796 4159 942 4215 nimidie
978 4161 1175 4234 eripatetische.
1250 4169 1410 4218 uam-re·

272 4227 443 4309 liquarnur
471 4228 523 4282 mit
540 4228 655 4310 Madvig
672 4229 718 4284 fiir
736 4229 784 4310 das
802 4228 911 4286 hdschr.
929 4180 978 4285 reli
997 4249 1094 4286 uorum
1112 4251 1152 4288 we
1172 4249 1206 4286 en
1224 4181 1269 4286 des
1287 4220 1409 4298 folgenden

275 4302 383 4352 ceteras.
436 4296 925 4363 rtamrhrdrvesrrdcbatur:
944 4249 998 4370 vgl.
1016 4299 1057 4356 IV
1075 4249 1259 4364 3,6li.V3,
1279 4302 1301 4352 1.
1348 4291 1409 4348 Non
