2942 4950
366 307 429 364 Iun.
447 307 495 362 IV.
532 306 597 362 One.
615 307 784 364 VII—VIII.
821 309 849 373 ἐξ
870 311 979 363 16-19.
1188 314 1246 378 181

87 475 284 560 magnitudo
309 499 439 563 quoque
463 478 564 543 animi
592 477 794 559 exsistebat,
828 501 891 564 qua
923 478 1021 546 facile
1052 487 1167 568 posset
1197 505 1248 548 re·

26 616 32 622 „
86 580 231 664 pugnari
253 580 436 666 obsistique
467 581 640 660 fortunae,
674 581 762 665 quod
793 582 955 647 maximae
986 603 1039 647 res
1072 592 1184 651 essent
1213 587 1249 652 in

85 688 257 766 potestate
280 683 451 769 sapientis.
497 683 686 748 Varietates
718 691 831 749 autem
861 685 1061 770 iniuriasque
1094 687 1248 755 fortunae

83 785 187 850 facile
209 792 358 852 veterum
380 787 653 872 philosophorum
677 787 863 873 praeceptis
886 787 1043 854 instituto
1064 789 1135 854 vita
1150 815 1246 878 supe·

84 889 196 954 rabat.
242 887 303 975 (18)
341 890 514 975 Principiis
547 897 660 954 autem
692 915 712 956 a
743 898 861 956 natura
892 891 978 956 datis
1010 893 1246 976 amplitudines

86 992 249 1076 quaedam
271 993 434 1059 bonorum
458 993 699 1072 excitabantur,
724 993 846 1078 partim
869 993 1038 1078 profectae
1062 1019 1081 1058 a
1096 1004 1246 1062 contem·

84 1095 235 1178 platione
257 1116 366 1160 rerum
389 1097 615 1174 occultarum,
649 1096 737 1180 quod
761 1102 831 1160 erat
853 1095 973 1160 insitus
996 1097 1100 1161 menti
1131 1100 1245 1183 cogni-

85 1197 187 1262 tionis
210 1219 322 1272 amor,
347 1219 365 1262 e
389 1221 453 1282 quo
477 1197 577 1262 etiam
600 1197 737 1262 rationis
761 1196 975 1281 explicandae
999 1198 1246 1285 disserendique
1292 1195 1295 1204 ’

41 1347 48 1388 3
85 1301 252 1385 cupiditas
276 1301 559 1387 consequebatur,
590 1301 743 1386 quodque
766 1303 830 1366 hoc
853 1302 962 1366 solum
985 1302 1108 1367 animal
1131 1311 1246 1369 natum

84 1411 140 1469 est
161 1404 297 1489 pudoris
321 1428 359 1471 ac
382 1405 599 1471 verecundiae
621 1405 787 1490 particeps
810 1409 1034 1490 appetensque
1058 1407 1247 1473 convictum

84 1508 258 1573 bominum
281 1530 319 1573 ae
335 1509 542 1587 societatem,
566 1508 897 1592 animadvertensque
912 1507 946 1572 in
965 1509 1119 1574 omnibus
1134 1511 1245 1591 rebus,

85 1635 168 1696 quas
192 1620 308 1696 ageret
330 1620 389 1677 aut
412 1613 549 1691 diceret,
574 1619 613 1676 ut
634 1635 675 1676 ne
693 1612 771 1697 quid
787 1613 828 1676 ab
846 1634 883 1677 eo
899 1612 996 1676 fieret
1018 1613 1083 1678 nisi
1105 1616 1245 1680 honeste

86 1737 127 1780 ac
149 1715 287 1793 decore,
322 1715 373 1778 his
395 1714 500 1780 initiis
523 1727 568 1794 et,
602 1720 740 1780 utente
765 1714 851 1795 dixi,
870 1713 1065 1780 'seminibus
1089 1739 1108 1780 a
1130 1722 1248 1782 natura

16 1844 17 1855 2
88 1817 176 1882 datis
197 1819 428 1902 temperantia,
453 1819 630 1898 modestia,
655 1817 784 1883 iustitia
804 1823 842 1882 'et
865 1818 971 1882 omnis
994 1821 1151 1884 honestas
1174 1842 1247 1905 per·

86 1920 175 1986 seete
200 1921 355 1986 absoluta
379 1929 443 1984 est.

172 2022 273 2088 VIII.
321 2020 380 2107 (19)
412 2023 543 2102 Habes,
568 2021 721 2106 inquam,
748 2021 852 2103 Cato,
877 2022 1017 2088 formam
1041 2044 1172 2102 eorum,
1207 2023 1247 2088 de

13 2115 15 2120 ⁸
84 2127 207 2212 quibus
229 2125 366 2210 loquor,
399 2125 685 2210 philosophorum.
733 2125 808 2190 Qua
840 2126 991 2211 exposita
1022 2125 1105 2191 seire
1138 2125 1245 2210 cupio,

83 2251 171 2314 quae
196 2251 295 2294 causa
317 2229 372 2308 sit,
399 2251 456 2294 eur
469 2229 559 2294 Zeno
575 2229 616 2294 ab
639 2230 702 2293 hac
726 2229 862 2314 antiqua
885 2229 1123 2294 constitutione
1140 2229 1244 2294 desei-

22 2353 26 2374 ¹
83 2334 185 2413 verit,
211 2333 367 2418 quidnam
390 2335 508 2398 horum
531 2334 572 2397 ab
597 2355 635 2397 eo
659 2355 726 2398 non
748 2333 793 2396 sit
808 2333 1004 2418 probatum:
1030 2334 1160 2417 quodne
1177 2355 1246 2397 cm-

21 2439 24 2442 ’
82 2458 165 2502 nem
187 2443 339 2504 naturam
372 2435 649 2501 conservatricem
680 2437 731 2500 sui
762 2435 925 2515 dixerint,
959 2459 1001 2501 an
1032 2437 1121 2521 quod
1153 2459 1248 2501 omne

83 2540 211 2606 animal
233 2540 341 2636 ipsum
364 2539 428 2604 sibi
449 2540 737 2618 commendatum,
771 2546 810 2605 ut
834 2561 869 2604 se
892 2540 1021 2604 salvum
1044 2541 1078 2605 in
1102 2564 1160 2604 suo
1189 2561 1246 2625 ge-

83 2665 166 2708 nere
189 2643 419 2728 incolnmeqne
443 2643 567 2707 vellet?
591 2666 632 2707 an
655 2646 743 2729 quod,
767 2665 841 2708 oum
865 2643 1010 2708 omnium
1034 2644 1153 2708 artium
1173 2644 1249 2708 finis

22 2789 24 2794 ·
82 2747 112 2811 is
140 2752 242 2821 esset,
268 2767 366 2830 quem
387 2752 506 2810 natura
528 2744 669 2810 maxime
693 2752 876 2830 quaereret,
900 2745 988 2810 idem
1005 2745 1109 2810 statui
1130 2747 1249 2811 debere

16 2903 18 2908 .
84 2851 130 2916 de
152 2849 257 2913 totius
281 2856 352 2914 arte
375 2849 475 2930 vitae,
500 2871 542 2913 an
566 2849 665 2932 quod,
690 2869 766 2912 cum
789 2847 953 2913 exanimo
971 2856 1197 2914 constaremus
1215 2859 1249 2913 et

11 3007 16 3038 ζ
85 2974 244 3038 corpore,
269 2955 409 3018 ethaeo
432 2953 502 3037 ipsa
525 2959 560 3016 et
583 2973 697 3016 eorum
719 2953 861 3017 virtutes
884 2973 942 3036 per
965 2973 1000 3016 se
1023 2973 1095 3016 esse
1118 2975 1248 3018 sumen·

6 3222 7 3227 Ἰ
157 3157 206 3212 18.
243 3177 291 3213 am
321 3157 494 3213 litudines
520 3126 683 3229 'quaedam
713 3157 880 3212 bonorum
907 3157 1157 3213 excitabantur.
1192 3158 1250 3213 Das

87 3225 154 3280 Bild
169 3227 206 3282 iet
223 3245 286 3282 vom
330 3245 365 3281 au
382 3243 556 3296 genommen:
587 3234 622 3280 ‘es
649 3225 760 3281 wurden
783 3224 931 3296 gleichsam
958 3223 1098 3280 stattliehe
1121 3225 1250 3281 Gebbude

6 3346 8 3353 .
87 3313 146 3350 von
161 3294 265 3351 Giitern
283 3295 450 3366 adigebant,
469 3294 600 3366 ngelsb.
618 3298 660 3360 48,
681 3301 704 3349 1.
774 3293 922 3349 rationis
940 3294 1164 3364 explicandae
1182 3295 1250 3349 dis-

1 3416 3 3427 ,
85 3364 291 3435 serendique
309 3383 348 3419 cu
378 3364 488 3419 iditas
520 3365 571 3418 ‘die
588 3363 721 3434 Begierde
746 3363 817 3418 nach
843 3362 1122 3420 wissenschaftlichen
1139 3364 1250 3418 Erdrte·

83 3436 209 3504 rungen'.
246 3434 326 3488 Tunc.
388 3437 429 3498 23,
449 3437 481 3486 66
500 3451 576 3488 mens
593 3431 748 3488 rationibus
765 3430 905 3503 agItendis
923 3430 1146 3503 exquirendisque
1163 3432 1250 3487 aleba-

6 3512 9 3517 '
83 3509 142 3558 tur.
212 3501 730 3573 qnodquehocsolumete.Den
747 3501 1248 3573 Wortenpartimprofectaeaeon-

82 3571 266 3642 templations
284 3575 334 3626 etc.
354 3571 431 3625 sollte
449 3570 641 3643 entspreohen=
675 3570 779 3652 partim
796 3570 932 3652 profectae
950 3590 966 3624 a
983 3569 1086 3642 pudore
1104 3573 1131 3624 et
1148 3570 1249 3641 appeti-

81 3642 163 3696 tione
181 3641 320 3696 oonviotus
338 3640 490 3695 hominum.
586 3644 779 3695 conv1ctum
796 3643 835 3694 rst
852 3639 980 3710 Madvigs
998 3638 1182 3695 Emendation
1199 3657 1250 3696 aus

2 3736 3 3739 ¹
81 3709 286 3774 coniunctium,
304 3727 411 3765 woraus
429 3709 654 3765 coniunctionum
671 3708 729 3763 und
748 3709 968 3764 coniunctionem
980 3707 1151 3764 entstanden.
1187 3708 1249 3778 Vgl.

1 3779 10 3838 ‚¹
81 3780 119 3834 de
139 3778 184 3834 off.
201 3779 247 3833 111
265 3783 291 3842 5,
308 3783 339 3832 21
360 3778 433 3834 tollit
451 3778 606 3833 convictum
624 3778 776 3832 humanum
794 3781 821 3832 et
839 3779 1008 3835 societatem.

0 3891 3 3899 .
158 3847 207 3902 19.
242 3847 355 3902 Habes
376 3877 405 3886 —
425 3848 569 3902 formam
588 3864 702 3901 eorum
721 3849 770 3901 etc.
798 3846 865 3901 ‘hier
891 3848 955 3903 hest
984 3848 1021 3903 du
1049 3847 1127 3902 einen
1153 3845 1250 3902 Abriss

80 3918 135 3972 des
152 3917 275 3987 Systeme
293 3915 340 3971 der
357 3918 513 3986 genennten
530 3916 714 3987 Philosophen
732 3913 793 3982 (der
809 3913 1015 3984 Academikerl'.
1033 3916 1064 3971 H
1083 3921 1124 3980 15,
1141 3921 1175 3970 48
1194 3915 1250 3970 Ha·

80 3988 133 4041 bes
151 3985 274 4056 undique
292 3985 426 4056 expletam
444 3987 472 4039 st
489 3986 645 4055 perfectam,
663 3986 718 4040 'Por
736 3988 818 4048 uate,
836 3985 954 4042 formam
972 3986 1133 4040 honestatis.
1169 3985 1250 4040 Tuae.

1 4071 2 4074 ’
79 4054 132 4111 ΠΙ
151 4058 192 4120 11,
212 4058 245 4108 38
263 4053 357 4109 Habes
376 4054 492 4108 formam
510 4054 623 4120 Epicuri
640 4054 714 4110 vitae
750 4056 827 4108 eatae
848 4055 938 4110 verbis
955 4055 1071 4109 Zenonis
1090 4073 1121 4109 ex
1140 4071 1250 4109 rossam.

80 4124 242 4179 dixerint
259 4123 342 4178 niiml.
360 4122 475 4192 antiqui.
506 4122 563 4177 Mit
579 4122 672 4193 Bezug
690 4121 741 4176 auf
756 4121 804 4176 das
822 4123 931 4179 Urtheil
949 4124 1034 4180 Zenos
1052 4124 1092 4178 ist
1108 4074 1155 4178 dier
1172 4119 1251 4176 Oon'.

79 4191 196 4264 richtig‚
215 4194 279 4248 aber
296 4209 324 4246 es
344 4191 420 4246 sollte
438 4191 571 4246 dixissent
589 4191 693 4247 stehen.
753 4191 881 4247 salvum
899 4223 931 4232 -·
950 4192 1202 4261 ineolumeque:

82 4268 128 4327 11,
147 4266 180 4316 33
199 4265 231 4316 ut
249 4261 388 4332 integrum
406 4278 435 4315 se
453 4260 612 4330 salvumque
629 4261 702 4317 velit.
720 4259 866 4316 DieOodd.
879 4261 968 4316 haben
986 4266 1013 4318 et
1031 4261 1145 4316 salvum.
1163 4259 1251 4315 Ueber

82 4336 113 4387 et
133 4361 162 4371 ·-
182 4347 235 4402 que
252 4349 274 4385 s.
289 4329 389 4399 jedoch
407 4349 442 4385 zu
459 4329 485 4384 V
503 4334 544 4395 22,
564 4334 605 4384 64.
