2974 4950
335 313 398 367 Lra.
416 313 449 367 V.
485 312 550 367 Car.
569 313 818 370 XXVI-XXVII.
855 319 883 382 §5
903 320 1013 371 76-79.
1192 321 1253 384 267

68 508 181 560 mus;
216 484 343 548 habent
369 483 457 547 enim
485 490 519 546 et
546 483 631 548 bene
660 485 798 568 longam
820 491 855 548 et
878 487 959 550 satis
982 487 1166 572 litigiosam
1189 488 1255 553 dis·

69 586 313 670 putationem.
360 586 421 669 (77)
444 585 536 649 Illud
559 587 641 650 mihi
664 611 683 651 a
705 595 739 650 te
763 587 900 654 nimium
917 588 1115 654 festinanter
1131 590 1256 657 dietum

68 689 241 766 videtur,
274 688 440 772 sapientes
469 709 582 752 omnes
611 710 682 752 esse
710 711 839 773 semper
869 691 997 754 beatos.
1043 692 1167 757 Nescio
1192 717 1255 777 quo

70 793 192 856 modo
224 791 482 877 praetervolavit
514 791 629 856 oratio.
678 791 776 856 Quod
808 793 872 857 nisi
901 793 948 857 ita
982 793 1139 870 efficitur,
1173 819 1256 880 quae

71 895 343 978 Theophrastus
367 893 407 956 de
437 893 585 972 fortuna,
620 892 660 956 de
692 894 823 972 dolore,
857 894 897 958 de
931 895 1079 959 cruciatu
1111 897 1256 980 corporis

71 996 190 1076 dixit,
216 1017 292 1060 cum
314 995 432 1079 quibus
458 995 614 1080 coniungi
637 995 742 1060 vitam
764 996 899 1061 beatam
920 999 1013 1061 nullo
1038 998 1135 1061 modo
1159 1020 1256 1083 posse

73 1099 242 1184 putavit,
274 1121 390 1164 vereor
420 1121 461 1162 ne
492 1121 571 1162 vera
603 1097 681 1162 sint.
728 1099 815 1162 Nam
847 1100 931 1165 illud
962 1103 1176 1165 vehementer
1206 1123 1257 1164 re·

76 1209 241 1287 pugnat,
274 1202 414 1267 eundem
445 1203 580 1267 bea-tum
612 1223 684 1266 esse
717 1207 752 1266 et
781 1202 897 1267 multis
925 1203 1022 1268 malis
1051 1226 1255 1288 oppressum.

76 1305 186 1369 Haec
219 1328 283 1389 quo
314 1304 412 1370 modo
446 1304 664 1383 conveniant,
698 1328 764 1372 non
797 1327 875 1369 sane
907 1306 1080 1390 intellego.
1135 1307 1259 1370 Utrum

80 1408 199 1492 igitur
213 1408 287 1486 tibi,
311 1407 431 1492 inquit,
456 1430 521 1471 non
542 1407 664 1491 placet,
690 1406 867 1471 virtutisne
884 1429 955 1472 esse
972 1414 1102 1472 tantam
1116 1408 1195 1486 vim,
1220 1415 1259 1472 ut

81 1512 134 1574 ad
159 1511 257 1574 beate
279 1495 459 1574 vivendum
481 1531 515 1572 se
539 1510 611 1593 ipsa
635 1515 794 1574 contenta
816 1509 882 1574 sit?
914 1533 970 1588 an,
1004 1510 1032 1573 si
1060 1510 1095 1574 id
1124 1511 1256 1596 probas,

84 1613 166 1678 fieri
188 1613 235 1676 ita
257 1634 363 1698 posse.
377 1630 491 1695 negas,
517 1618 555 1676 ut
577 1612 611 1690 ii,
637 1612 693 1695 qui
716 1612 850 1676 virtutis
867 1616 1038 1697 compotes
1055 1613 1133 1693 sint,
1159 1614 1260 1678 etiam

84 1715 293 1800 quibusdam
317 1717 412 1780 malis
435 1715 546 1780 affecti
568 1714 660 1779 beati
684 1715 770 1782 sint?
815 1717 889 1800 Ego
918 1739 995 1780 vero
1028 1717 1104 1780 volo
1137 1716 1172 1780 in
1195 1716 1258 1781 vir-

86 1818 259 1882 tutevim
283 1841 477 1904 essequam
500 1817 693 1896 maximam,
724 1818 783 1882 sed
807 1827 932 1902 quanta
955 1820 1015 1899 sit,
1041 1819 1122 1884 alias
1129 1845 1138 1897 ;
1172 1842 1259 1884 nunc

88 1926 242 2002 tantum,
275 1924 424 2008 possitne
457 1944 529 1988 esse
561 1925 675 2000 tanta,
709 1921 737 1985 si
770 1922 945 2006 quicquam
978 1928 1071 1986 extra
1102 1924 1261 1988 virtutem

89 2023 260 2088 habeatur
282 2026 316 2088 in
346 2025 452 2090 bonis.
500 2023 565 2108 (78)
589 2022 710 2106 Atqui,
744 2023 869 2107 inquit,
904 2025 932 2086 si
956 2023 1077 2088 Stoicis
1107 2025 1261 2088 concedis

91 2135 135 2189 ut
157 2127 264 2192 virtus
289 2129 371 2207 sola,
397 2129 425 2191 si
440 2127 540 2206 adsit,
564 2127 668 2190 vitam
685 2125 806 2190 efficiat
821 2127 964 2202 beatam,
990 2127 1144 2190 concedis
1161 2125 1262 2192 etiam

91 2229 339 2316 Peripateticis.
387 2231 480 2296 Quae
510 2228 598 2294 enim
626 2229 713 2292 mala
745 2228 795 2292 illi
826 2251 892 2293 non
924 2230 1048 2293 audent
1080 2229 1259 2314 appellare,

92 2354 211 2417 aspera
242 2339 355 2398 autem
387 2338 421 2398 et
451 2331 660 2396 incommoda
690 2338 724 2394 et
747 2331 912 2396 reicienda
936 2338 970 2395 et
993 2331 1096 2396 aliena
1122 2339 1260 2397 naturae

91 2457 167 2499 csse
190 2437 394 2516 concedunt,
428 2457 466 2500 ea
489 2458 549 2500 nos
571 2436 660 2500 mala
684 2435 839 2514 dicimus,
874 2435 932 2500 sed
956 2435 1076 2520 exigua
1100 2441 1135 2500 ct
1157 2457 1261 2520 paene

92 2537 241 2602 minima.
289 2539 400 2603 Quare
424 2538 452 2601 si
475 2543 589 2621 potest
612 2558 684 2601 esse
708 2537 827 2602 beatus
849 2538 894 2617 is,
926 2538 981 2622 qui
1005 2544 1057 2602 111
1079 2537 1113 2602 in
1137 2537 1261 2622 asperis

91 2640 334 2724 reiciendisque
357 2643 468 2719 rebus,
493 2646 606 2723 potest
628 2640 657 2704 is
682 2662 812 2724 quoque
836 2661 918 2720 csse,
945 2641 1000 2724 qui
1023 2646 1075 2705 est
1096 2641 1129 2704 in
1153 2641 1262 2724 parvis

95 2742 204 2806 malis.
251 2743 297 2807 Et
321 2765 399 2827 ego,
433 2743 522 2821 Piso,
555 2743 706 2826 inquam,
738 2743 766 2807 si
789 2749 841 2807 est
865 2743 1052 2827 quisquam,
1087 2742 1143 2827 qni
1166 2748 1262 2806 acute

92 2843 128 2907 in
152 2845 260 2907 causis
283 2844 395 2908 videre
420 2846 542 2922 soleat,
577 2865 735 2927 quaeres
759 2850 895 2928 agatur,
928 2845 956 2908 is
980 2867 1015 2909 es
1038 2843 1188 2929 profecto
1211 2851 1260 2906 tu.

90 2949 206 3013 Quare
229 2949 377 3026 attende,
404 2969 544 3031 quaeso:
568 2970 646 3010 nam
668 2948 777 3011 adhuc
801 2970 874 3012 meo
899 2949 1041 3012 fortasse
1064 2949 1158 3026 vitio,
1184 2947 1262 3030 quid

96 3071 162 3132 ego
187 3071 351 3132 quaeram,
376 3072 443 3113 non
465 3048 637 3132 perspicia.
683 3047 767 3110 Istic
784 3071 869 3126 sum,
894 3048 1014 3132 inquit,
1040 3056 1262 3134 exspectoque

97 3150 179 3234 quid
202 3153 243 3217 ad
265 3153 311 3231 id,
337 3152 424 3236 quod
442 3150 651 3236 quaerebam,
676 3151 889 3234 respondeas.
931 3151 1079 3214 XXVII.
1111 3152 1262 3234 (711111-

95 3254 269 3338 spondebo
285 3277 337 3318 me
356 3277 423 3318 non
440 3275 605 3338 quaerere,
623 3253 768 3336 inquam,
796 3254 860 3317 hoc
875 3259 1036 3337 tempore,
1062 3253 1141 3335 quid
1158 3253 1262 3316 virtus

95 3359 225 3420 efficere
248 3358 370 3443 possit,
404 3357 463 3421 sed
496 3357 576 3441 quid
608 3360 800 3421 constanter
831 3354 976 3434 dicatur,
1011 3355 1090 3439 quid
1112 3355 1263 3439 ipsuma

94 3481 131 3522 se
155 3459 342 3524 dissentiat.
390 3460 482 3539 Quo,
515 3459 640 3542 inquit,
675 3459 793 3523 modo?
840 3457 942 3536 Quia,
977 3478 1053 3520 cum
1076 3481 1095 3521 a
1117 3458 1260 3536 Zenone,

165 3614 209 3668 77.
246 3613 1077 3684 Γ11111111111111(1111111111-111111.1.5,12.
1168 3631 1261 3666 arr-

93 3682 248 3737 11111111
272 3699 371 3752 posse
398 3699 518 3750 negem
554 3681 602 3735 das
621 3686 645 3734 2.
664 3682 742 3736 Glied
761 3683 808 3737 der
825 3683 868 3736 Do
887 3682 1007 3752 pelfrage
1025 3683 1136 3744 musste,
1156 3681 1215 3737 weil
1233 3700 1259 3735 er

94 3770 150 3806 von
166 3755 261 3806 utrum
297 3750 368 3805 lacet
385 3749 458 3804 abhii
498 3750 526 3820 ’g
542 3750 598 3812 ist,
625 3750 725 3822 analag
743 3750 803 3806 dem
822 3700 913 3806 cratian
932 3770 970 3818 an
985 3750 1041 3804 fieri
1079 3767 1138 3804 osse
1155 3753 1188 3804 ut
1205 3750 1261 3805 lan-

94 3824 155 3886 ten;
182 3819 247 3874 aber
288 3821 320 3874 ic.
338 3820 390 3873 hat
408 3818 529 3873 dassebe
547 3821 628 3872 unter
646 3819 849 3892 Hinzuliigung
867 3820 940 3874 eines
957 3837 1045 3874 neuen
1089 3819 1260 3890 1111111111-

93 3908 145 3960 gas
163 3891 299 3960 getrennt.
335 3888 397 3958 Vgl
416 3905 451 3942 zu
468 3889 498 3942 H
517 3892 557 3950 19,
576 3891 610 3940 60
627 3887 728 3942 Utrum
747 3889 858 3943 tandem
877 3907 977 3944 censes.
1091 3889 1164 3957 Ego
1181 3906 1259 3942 vero

95 3957 173 4012 volo
192 3958 275 4012 1111111.
293 3957 416 4028 inquam,
434 3956 483 4011 wie
501 3974 523 4011 1,
544 3961 586 4020 28,
604 3960 638 4009 83
650 3956 751 4011 'Nihilo
769 3957 918 4014 beatiorem
937 3961 987 4012 etc.

166 4025 214 4080 78.
249 4027 340 4081 11111
359 4044 429 4081 sum
456 4025 509 4080 ‘ioh
526 4025 575 4080 bin
593 4024 688 4088 dabei,
707 4025 751 4080 bei
769 4025 830 4080 dem
847 4045 903 4080 was
922 4026 959 4080 du
978 4044 1060 4098 sagon
1079 4025 1176 4080 willst'.
1213 4026 1260 4079 Te·

94 4099 166 4150 rent
184 4095 250 4150 Hec.
268 4097 283 4150 I
302 4100 326 4159 2,
345 4099 378 4148 39
396 4094 537 4149 Ausculta.
572 4095 641 4149 Istic
659 4113 729 4149 sum.
764 4094 826 4165 Vgl.
845 4095 878 4148 de
895 4097 941 4149 fin.
959 4095 986 4148 V
1003 4099 1027 4159 2,
1047 4099 1062 4148 6
1080 4094 1172 4165 rapior
1189 4093 1261 4148 illuc.

93 4163 188 4234 quod
205 4163 409 4233 quaerebam
439 4164 521 4218 ntml.
541 4163 611 4218 nach
630 4165 643 4228 1
664 4167 696 4217 77
714 4165 809 4217 utrum
827 4163 881 4218 tibi
899 4181 954 4218 non
971 4163 1096 4234 placeret,
1114 4162 1261 4218 virtutisne

95 4251 154 4288 esse
172 4235 282 4288 tantam
299 4233 357 4288 vim
375 4236 426 4288 etc.

167 4300 215 4359 79.
250 4301 349 4368 Quia,
368 4320 440 4356 cum
458 4320 474 4355 a
493 4301 625 4354 Zenone
643 4303 693 4356 etc.
723 4300 761 4354 111
780 4299 831 4354 1111
848 4298 892 4354 die
909 4300 1037 4354 Autwort
1054 4299 1106 4354 auf
1120 4303 1136 4354 2
1154 4299 1261 4370 Fragon
