2974 4950
247 308 310 372 240
484 303 535 358 De
553 301 705 358 FINIBUS
723 300 909 358 BONORUM
926 299 974 354 lar
991 297 1181 354 MALORUhl

246 476 520 562 appellanturque
543 494 608 537 non
632 471 850 545 voluntariae,
875 471 1018 536 alterum
1040 476 1153 534 antem
1176 491 1301 547 earum,
1323 488 1400 551 quae

247 579 281 644 in
304 577 478 642 voluntate
501 574 630 660 positae
660 574 766 658 magis
795 573 927 658 proprio
950 571 1083 638 nomine
1106 571 1267 658 appellari
1288 571 1399 648 solent,

247 701 386 766 quarum
409 685 460 742 est
483 677 651 742 excellens
674 677 709 742 in
732 676 914 740 animorum
937 676 1034 744 lande
1058 674 1272 760 praestantia.
1315 673 1400 736 Prio-

246 782 291 848 ris
314 780 445 867 generis
469 786 520 845 est
536 777 702 856 docilitas,
727 777 906 842 memoria:
931 798 1015 860 quae
1031 776 1100 840 lere
1116 774 1227 841 omnia
1242 775 1399 861 appellan-

246 891 302 950 tur
323 906 390 949 uno
413 880 540 967 ingenii
562 880 706 959 nomine,
731 900 850 963 easque
875 877 1017 942 virtutes
1034 877 1091 962 qni
1106 879 1232 944 habent
1247 875 1401 961 ingeniosi

247 989 419 1051 vocantur.
467 985 624 1048 Alterum
646 989 759 1046 autem
781 1002 887 1066 genus
912 987 964 1044 est
985 1003 1181 1066 magnarum
1195 998 1399 1060 verarumque

246 1088 420 1164 virtutum,
445 1107 526 1168 quas
549 1084 754 1170 appellamus
778 1083 994 1160 voluntarias,
1018 1089 1057 1146 nt
1080 1082 1302 1175 prudentiam,
1324 1087 1399 1144 tem·

247 1189 432 1275 perantiam
443 1237 452 1267 ,
511 1186 762 1265 fortitudinem,
810 1186 974 1252 iustitiam
1017 1190 1051 1250 et
1092 1185 1236 1269 reliquas
1279 1181 1399 1270 generis

247 1294 407 1358 eiusdem.

335 1394 399 1478 (37)
423 1394 470 1458 Et
492 1393 680 1459 summatim
705 1391 839 1476 quidem
861 1393 945 1456 haec
966 1398 1059 1456 erant
1075 1393 1116 1456 de
1133 1412 1269 1476 corpore
1287 1389 1399 1456 animo·

248 1519 311 1581 qne
343 1496 493 1574 dicenda,
527 1495 647 1578 qnibns
680 1494 774 1578 quasi
805 1493 1020 1559 informatum
1051 1500 1122 1572 est,
1157 1493 1237 1579 quid
1268 1489 1398 1558 hominis

247 1603 365 1665 natura
395 1598 561 1683 postulet:
595 1619 636 1663 ex
668 1619 732 1681 quo
763 1595 975 1682 perspicuum
1009 1602 1078 1675 est,
1111 1595 1266 1679 quoniam
1297 1594 1357 1678 ipsi
1384 1615 1399 1654 a

248 1700 343 1766 nobis
368 1699 545 1784 diligamur
567 1698 742 1782 omniaque
767 1702 800 1763 et
822 1697 855 1762 in
880 1699 988 1763 animo
1012 1705 1047 1763 et
1062 1698 1095 1762 in
1112 1720 1247 1784 corpore
1263 1695 1399 1782 perfecta

248 1802 388 1868 velimus
420 1823 509 1880 esse,
542 1822 581 1865 ea
611 1801 709 1864 nobis
736 1801 808 1886 ipsa
837 1822 912 1867 cara
940 1822 1012 1865 esse
1040 1807 1176 1886 propter
1199 1823 1235 1864 sc
1258 1806 1293 1864 et
1313 1799 1343 1862 in
1364 1797 1398 1860 iis

248 1927 321 1972 esse
352 1905 394 1970 ad
425 1906 510 1969 bene
542 1904 722 1969 vivendum
752 1911 920 1969 momenta
949 1905 1103 1969 maxima.
1148 1904 1238 1968 Nam
1261 1903 1312 1967 cui
1331 1923 1397 1986 pro·

248 2008 356 2095 posita
379 2008 424 2071 sit
454 2007 661 2072 conservatio
689 2007 757 2086 sui,
790 2027 925 2072 necesse
955 2014 1008 2072 est
1034 2007 1113 2074 hnic
1141 2013 1253 2091 partes
1280 2025 1397 2090 qnoque

248 2111 299 2175 sui
323 2132 414 2176 caras
438 2130 509 2174 esse
534 2109 751 2194 carioresque,
777 2131 841 2193 qno
863 2108 1079 2194 perfectiores
1102 2108 1170 2173 sint
1193 2113 1227 2172 et
1248 2107 1347 2192 magis
1368 2107 1397 2170 in

248 2235 307 2277 sno
341 2233 463 2296 genere
496 2210 693 2275 laudabiles.
744 2211 793 2274 Ea
823 2210 910 2275 enim
938 2211 1009 2275 vita
1037 2209 1222 2294 expetitur,
1256 2231 1333 2294 qnae
1360 2207 1398 2269 sit

249 2313 349 2378 animi
381 2313 589 2398 corporisque
622 2313 755 2398 expleta
791 2313 991 2391 virtutibus,
1032 2313 1065 2378 in
1104 2335 1208 2397 eoque
1246 2331 1396 2377 summum

248 2416 373 2479 bonum
395 2413 474 2499 poni
496 2435 632 2478 necesse
656 2420 718 2493 est,
744 2415 874 2498 quando
899 2414 1032 2498 quidem
1053 2414 1089 2478 id
1110 2415 1180 2478 tale
1204 2435 1276 2478 esse
1296 2413 1394 2488 debet,

248 2524 287 2580 ut
309 2538 418 2580 rorum
446 2515 705 2601 expetendarum
732 2516 777 2579 sit
804 2523 999 2582 extremum.
1047 2515 1122 2580 Quo
1150 2516 1286 2600 cognito
1313 2513 1394 2578 dubi-

248 2619 312 2682 tari
335 2640 401 2682 non
423 2625 536 2702 potest
560 2619 655 2702 quin,
686 2610 764 2682 'cuin
792 2619 855 2703 ipsi
885 2620 1035 2684 homines
1059 2619 1123 2683 sibi
1146 2619 1213 2683 sint
1236 2640 1294 2702 per
1316 2639 1347 2682 se
1367 2623 1395 2680 et

249 2743 308 2786 sua
331 2729 450 2805 sponte
474 2720 549 2798 cari,
574 2728 686 2804 partes
710 2743 840 2805 quoque
864 2728 899 2785 et
920 2723 1064 2806 corporis
1081 2730 1116 2786 et
1131 2721 1232 2788 animi
1248 2729 1283 2786 et
1298 2741 1394 2794 earnm

248 2957 423 3012 diesePartie
441 2957 530 3013 klarer
547 2958 727 3018 aueeinander
744 2963 849 3030 gesetat
866 2961 916 3016 hat
934 2961 1151 3024 alsAristoteles,
1170 2960 1292 3020 insolern
1308 2960 1347 3024 ab,
1363 2959 1394 3012 als

248 3045 277 3081 er
295 3027 339 3081 die
347 3025 501 3148 prudentia
518 3028 597 3082 nicht
615 3047 663 3083 zur
681 3032 778 3093 ersten,
796 3029 914 3085 eundern
931 3050 980 3086 aur
997 3031 1109 3085 aweiten
1126 3031 1341 3100 Hauptgattnng
1356 3027 1394 3080 der

249 3096 345 3167 'Pugen
366 3113 399 3150 en
416 3096 535 3150 rechnet.
607 3097 789 3172 docilitas,
808 3101 981 3154 memoria.
1016 3100 1059 3154 Da
1076 3098 1121 3153 bei
1140 3099 1298 3154 Aristoteles
1316 3114 1393 3154 ausser

248 3164 297 3220 der
315 3163 448 3236 εὐμαθὶα
466 3164 523 3220 und
541 3166 635 3239 μνήμη
655 3166 725 3220 noch
743 3165 787 3220 die
806 3166 939 3244 ἀγχίνοια
957 3187 991 3222 zu
1009 3167 1062 3222 den
1078 3167 1286 3238 unfreiwilligen
1304 3167 1392 3237 lhgen·

249 3233 301 3288 den
319 3233 429 3314 gezahlt
446 3233 530 3298 wind,
556 3253 586 3289 so
603 3235 759 3290 vermuthet
776 3235 879 3298 Baiter,
898 3236 961 3291 dass
979 3237 1018 3291 im
1035 3235 1207 3306 Archetypus
1226 3237 1341 3292 sollertia
1356 3251 1394 3288 vor

252 3302 377 3357 docilitas
395 3302 548 3372 gastandan
566 3303 643 3357 habe.
678 3303 759 3358 Auch
777 3304 814 3359 ist
832 3324 859 3359 ss
878 3305 1031 3369 anffalle'nd,
1050 3305 1113 3360 dass
1131 3305 1251 3360 nachher
1269 3304 1393 3377 quaesere

248 3371 340 3425 omnia
358 3371 436 3442 folgt,
454 3390 510 3425 was
528 3390 580 3426 nnr
598 3373 649 3426 anf
663 3372 730 3429 zwei
748 3373 898 3444 Tagenden
916 3374 1034 3446 beregen
1052 3374 1158 3430 werden
1176 3374 1258 3429 kann.
1311 3378 1341 3430 et
1355 3390 1392 3427 re·
1412 3405 1414 3414 .

248 3438 360 3508 liqnas
378 3441 513 3510 generis
532 3440 681 3495 eiusdem
699 3461 720 3494 s.
739 3460 773 3496 zu
791 3461 813 3496 c.
834 3447 875 3504 12,
893 3447 926 3496 35
946 3447 973 3497 et
990 3443 1109 3513 reliquae
1126 3447 1227 3514 partes.

316 3523 372 3577 Oia.
390 3523 469 3578 ffihrt
487 3522 530 3578 die
548 3524 736 3647 Folqernngen
755 3525 810 3589 auf,
828 3526 927 3582 welche
944 3526 1003 3582 sich
1021 3546 1070 3582 aus
1088 3527 1150 3597 dem
1168 3546 1221 3582 von
1238 3528 1304 3600 Gap.
1323 3531 1352 3581 10
1367 3544 1395 3578 an

246 3593 385 3661 Gesagten
403 3592 525 3662 ergeben.
544 3593 602 3648 We'
632 3612 685 3648 von
703 3613 817 3648 unseren
830 3593 1044 3666 Eligenschasten
1062 3595 1214 3667 diejenigen
1232 3615 1278 3650 am
1295 3596 1395 3652 meister

247 3660 482 3740 begehrenswerth
502 3662 580 3725 sind,
608 3662 707 3718 welche
726 3663 778 3718 den
796 3665 912 3720 meister
931 3664 1027 3719 Worth
1045 3664 1142 3730 haben,
1161 3683 1191 3718 so
1210 3669 1321 3720 miissen
1337 3663 1395 3719 auch

247 3729 291 3782 dre
308 3730 396 3783 Vorz''
421 3748 435 3784 e
453 3730 500 3784 der
518 3731 590 3785 Seele
608 3749 656 3785 vor
674 3731 760 3786 denen
779 3731 825 3786 des
844 3733 964 3804 Korpers
983 3734 1035 3788 den
1053 3733 1179 3804 Vorrang
1197 3734 1294 3790 haben.
1321 3731 1395 3788 'Anch

247 3796 291 3850 bei
309 3797 400 3852 denT
422 3799 494 3853 ‘eren
512 3799 568 3854 und
586 3800 715 3854 Pflanzen
733 3801 818 3856 findet
836 3802 894 3856 sich
921 3803 980 3856 eine
1006 3803 1119 3872 gewisse
1135 3803 1329 3859 Aehnlichkeit
1352 3799 1394 3854 mit

247 3864 299 3918 den
316 3865 349 3919 E’
372 3867 532 3921 enschalten
559 3868 606 3922 der
632 3870 833 3924 menschlichen
851 3871 932 3924 Seele.
968 3872 1025 3926 Das
1043 3871 1158 3926 hdchste
1175 3871 1205 3926 in
1223 3871 1270 3926 der
1288 3869 1394 3926 mensch·

246 3932 335 3987 lichen
374 3934 427 3988 eele
444 3935 508 3989 aber
526 3937 563 3990 iet
581 3937 624 3990 die
643 3938 792 4004 Vernunft3
820 3957 868 3994 aus
896 3939 940 3994 ihr
968 3940 1124 4010 antepringt
1152 3940 1195 3994 die
1213 3941 1326 4011 Tagend
1343 3939 1365 3992 d.
1380 3937 1394 3989 i·

247 4002 291 4056 die
308 4002 457 4057 vollendete
475 4003 613 4060 Vernunft
631 4005 687 4060 und
706 4007 755 4061 das
774 4007 889 4062 hochste
907 4008 966 4062 Gut
983 4008 1095 4063 ist-der
1122 4008 1207 4063 durch
1235 4009 1287 4064 den
1313 4024 1393 4064 unver-

246 4071 356 4126 sehrten
374 4071 497 4126 Zustand
516 4073 561 4127 des
581 4074 702 4144 Kdrpers
720 4076 777 4129 und
795 4076 882 4130 durch
900 4076 943 4131 die
960 4077 1110 4132 vollendete
1122 4078 1259 4132 Vernunft
1276 4097 1324 4132 zur
1335 4075 1393 4130 Voll-

246 4140 433 4194 lrommenheit
451 4141 597 4212 gebrachte
616 4143 746 4198 Zustand.
782 4145 859 4216 (Cap.
880 4149 920 4210 13,
938 4150 971 4199 37
990 4175 1022 4184 -
1044 4150 1094 4213 14.)

248 4277 254 4288 ⁹
317 4207 364 4290 3J·
401 4227 436 4263 ea
455 4211 553 4265 nobis
571 4212 645 4282 ipsa
664 4230 738 4267 cara
756 4231 830 4268 esse
848 4215 931 4269 n'aml.
950 4214 1022 4269 Seele
1040 4215 1097 4268 und
1114 4215 1191 4269 Leib.
1251 4215 1392 4283 incoque

247 4295 276 4330 ιιι
294 4276 404 4334 frererer
422 4278 511 4334 Weiss
534 4281 585 4334 auf
599 4299 630 4335 ea
647 4281 705 4336 vita
724 4282 850 4352 beregen.
887 4284 914 4338 S.
933 4301 967 4338 zu
985 4284 1030 4337 III
1048 4288 1071 4347 6,
1090 4288 1121 4336 21
1141 4284 1170 4337 in
1188 4301 1219 4338 eo
1238 4283 1393 4339 collocatum.
