<?xml version="1.0" encoding="UTF-8"?>
<!DOCTYPE html PUBLIC "-//W3C//DTD XHTML 1.0 Transitional//EN"
    "http://www.w3.org/TR/xhtml1/DTD/xhtml1-transitional.dtd">
<html xmlns="http://www.w3.org/1999/xhtml" xml:lang="en" lang="en">
 <head>
  <title>
</title>
<meta http-equiv="Content-Type" content="text/html;charset=utf-8" />
  <meta name='ocr-system' content='tesseract 3.04.00' />
  <meta name='ocr-capabilities' content='ocr_page ocr_carea ocr_par ocr_line ocrx_word'/>
</head>
<body>
  <div class='ocr_page' id='page_1' title='image "./definibusbonoru00holsgoog_0299.png"; bbox 0 0 2974 4950; ppageno 0'>
   <div class='ocr_carea' id='block_1_1' title="bbox 346 310 1249 380">
    <p class='ocr_par' dir='ltr' id='par_1_1' title="bbox 346 310 1249 380">
     <span class='ocr_line' id='line_1_1' title="bbox 346 310 1249 380; baseline 0.007 -15"><span class='ocrx_word' id='word_1_1' title='bbox 346 310 409 366; x_wconf 69' lang='lat' dir='ltr'>Iani.</span> <span class='ocrx_word' id='word_1_2' title='bbox 427 313 461 367; x_wconf 89' lang='lat' dir='ltr'>V.</span> <span class='ocrx_word' id='word_1_3' title='bbox 496 313 560 370; x_wconf 71' lang='lat' dir='ltr'>Ore.</span> <span class='ocrx_word' id='word_1_4' title='bbox 580 311 802 368; x_wconf 88' lang='lat' dir='ltr'>XXX-XXXI.</span> <span class='ocrx_word' id='word_1_5' title='bbox 839 315 868 380; x_wconf 61' lang='grc' dir='ltr'>ἐξ</span> <span class='ocrx_word' id='word_1_6' title='bbox 887 317 997 369; x_wconf 80' lang='grc'>92-94.</span> <span class='ocrx_word' id='word_1_7' title='bbox 1189 316 1249 380; x_wconf 76' lang='grc'>277</span> 
     </span>
    </p>
   </div>
   <div class='ocr_carea' id='block_1_2' title="bbox 58 481 1251 752">
    <p class='ocr_par' dir='ltr' id='par_1_2' title="bbox 58 481 1251 752">
     <span class='ocr_line' id='line_1_2' title="bbox 59 481 1251 565; baseline 0.003 -22"><span class='ocrx_word' id='word_1_8' title='bbox 59 483 203 546; x_wconf 89' lang='lat' dir='ltr'>Oroete</span> <span class='ocrx_word' id='word_1_9' title='bbox 248 489 405 565; x_wconf 87' lang='lat' dir='ltr'>praetore</span> <span class='ocrx_word' id='word_1_10' title='bbox 436 481 536 546; x_wconf 88' lang='lat' dir='ltr'>Darei</span> <span class='ocrx_word' id='word_1_11' title='bbox 572 483 607 547; x_wconf 92' lang='lat' dir='ltr'>in</span> <span class='ocrx_word' id='word_1_12' title='bbox 645 504 774 548; x_wconf 88' lang='lat' dir='ltr'>erucem</span> <span class='ocrx_word' id='word_1_13' title='bbox 807 487 900 548; x_wconf 87' lang='lat' dir='ltr'>actus</span> <span class='ocrx_word' id='word_1_14' title='bbox 934 490 996 547; x_wconf 87' lang='lat' dir='ltr'>est.</span> <span class='ocrx_word' id='word_1_15' title='bbox 1045 488 1104 546; x_wconf 88' lang='lat' dir='ltr'>‘At</span> <span class='ocrx_word' id='word_1_16' title='bbox 1136 483 1251 547; x_wconf 89' lang='lat' dir='ltr'>multis</span> 
     </span>
     <span class='ocr_line' id='line_1_3' title="bbox 59 582 1251 672; baseline 0.003 -27"><span class='ocrx_word' id='word_1_17' title='bbox 59 583 168 646; x_wconf 88' lang='lat' dir='ltr'>malis</span> <span class='ocrx_word' id='word_1_18' title='bbox 204 582 379 647; x_wconf 72' lang='lat' dir='ltr'>affectus.5</span> <span class='ocrx_word' id='word_1_19' title='bbox 430 583 514 658; x_wconf 69' lang='lat' dir='ltr'>Quis</span> <span class='ocrx_word' id='word_1_20' title='bbox 543 591 665 669; x_wconf 82' lang='lat' dir='ltr'>negat?</span> <span class='ocrx_word' id='word_1_21' title='bbox 697 586 756 650; x_wconf 85' lang='lat' dir='ltr'>sed</span> <span class='ocrx_word' id='word_1_22' title='bbox 785 605 823 650; x_wconf 87' lang='lat' dir='ltr'>ea</span> <span class='ocrx_word' id='word_1_23' title='bbox 848 585 936 649; x_wconf 89' lang='lat' dir='ltr'>mala</span> <span class='ocrx_word' id='word_1_24' title='bbox 960 585 1095 649; x_wconf 87' lang='lat' dir='ltr'>virtutis</span> <span class='ocrx_word' id='word_1_25' title='bbox 1123 585 1251 672; x_wconf 85' lang='lat' dir='ltr'>magni·</span> 
     </span>
     <span class='ocr_line' id='line_1_4' title="bbox 58 685 468 752; baseline 0.01 -4"><span class='ocrx_word' id='word_1_26' title='bbox 58 685 192 749; x_wconf 91' lang='lat' dir='ltr'>tudine</span> <span class='ocrx_word' id='word_1_27' title='bbox 222 686 468 752; x_wconf 86' lang='lat' dir='ltr'>obruebantur.</span> 
     </span>
    </p>
   </div>
   <div class='ocr_carea' id='block_1_3' title="bbox 59 786 1249 1082">
    <p class='ocr_par' dir='ltr' id='par_1_3' title="bbox 59 786 1249 1082">
     <span class='ocr_line' id='line_1_5' title="bbox 157 786 1249 875; baseline 0.004 -22"><span class='ocrx_word' id='word_1_28' title='bbox 157 789 307 853; x_wconf 87' lang='lat' dir='ltr'>XXXI.</span> <span class='ocrx_word' id='word_1_29' title='bbox 347 786 411 874; x_wconf 74' lang='lat'><strong>(93)</strong></span> <span class='ocrx_word' id='word_1_30' title='bbox 445 790 500 854; x_wconf 89' lang='lat' dir='ltr'>An</span> <span class='ocrx_word' id='word_1_31' title='bbox 521 812 563 856; x_wconf 86' lang='lat' dir='ltr'>ne</span> <span class='ocrx_word' id='word_1_32' title='bbox 587 792 651 858; x_wconf 91' lang='lat' dir='ltr'>hoc</span> <span class='ocrx_word' id='word_1_33' title='bbox 675 789 806 875; x_wconf 89' lang='lat' dir='ltr'>quidem</span> <span class='ocrx_word' id='word_1_34' title='bbox 828 790 1060 874; x_wconf 71' lang='lat' dir='ltr'>Peripateticis</span> <span class='ocrx_word' id='word_1_35' title='bbox 1084 791 1249 870; x_wconf 84' lang='lat' dir='ltr'>concedis,</span> 
     </span>
     <span class='ocr_line' id='line_1_6' title="bbox 59 891 1248 978; baseline 0.003 -24"><span class='ocrx_word' id='word_1_36' title='bbox 59 898 102 955; x_wconf 88' lang='lat' dir='ltr'>ut</span> <span class='ocrx_word' id='word_1_37' title='bbox 139 891 290 970; x_wconf 83' lang='lat' dir='ltr'>dicant,</span> <span class='ocrx_word' id='word_1_38' title='bbox 324 891 470 958; x_wconf 89' lang='lat' dir='ltr'>omnium</span> <span class='ocrx_word' id='word_1_39' title='bbox 501 891 664 958; x_wconf 87' lang='lat' dir='ltr'>bonorum</span> <span class='ocrx_word' id='word_1_40' title='bbox 696 892 855 972; x_wconf 85' lang='lat' dir='ltr'>virorum,</span> <span class='ocrx_word' id='word_1_41' title='bbox 888 892 923 956; x_wconf 92' lang='lat' dir='ltr'>id</span> <span class='ocrx_word' id='word_1_42' title='bbox 959 900 1010 956; x_wconf 90' lang='lat' dir='ltr'>est</span> <span class='ocrx_word' id='word_1_43' title='bbox 1038 892 1248 978; x_wconf 87' lang='lat' dir='ltr'>sapientium,</span> 
     </span>
     <span class='ocr_line' id='line_1_7' title="bbox 63 995 1249 1082; baseline 0.001 -25"><span class='ocrx_word' id='word_1_44' title='bbox 63 995 239 1060; x_wconf 89' lang='lat' dir='ltr'>omnibus</span> <span class='ocrx_word' id='word_1_45' title='bbox 267 995 448 1060; x_wconf 87' lang='lat' dir='ltr'>virtutibus</span> <span class='ocrx_word' id='word_1_46' title='bbox 472 1001 672 1076; x_wconf 88' lang='lat' dir='ltr'>ornatorum,</span> <span class='ocrx_word' id='word_1_47' title='bbox 689 995 802 1063; x_wconf 40' lang='lat' dir='ltr'>&#39;vitem</span> <span class='ocrx_word' id='word_1_48' title='bbox 825 996 978 1062; x_wconf 90' lang='lat' dir='ltr'>omnibus</span> <span class='ocrx_word' id='word_1_49' title='bbox 1001 995 1151 1082; x_wconf 83' lang='lat' dir='ltr'>partibus</span> <span class='ocrx_word' id='word_1_50' title='bbox 1174 996 1249 1080; x_wconf 88' lang='lat' dir='ltr'>plus</span> 
     </span>
    </p>
   </div>
   <div class='ocr_carea' id='block_1_4' title="bbox 11 1097 1252 2926">
    <p class='ocr_par' dir='ltr' id='par_1_4' title="bbox 11 1097 1252 2926">
     <span class='ocr_line' id='line_1_8' title="bbox 61 1097 1252 1184; baseline 0.002 -24"><span class='ocrx_word' id='word_1_51' title='bbox 61 1097 201 1161; x_wconf 85' lang='lat' dir='ltr'>habere</span> <span class='ocrx_word' id='word_1_52' title='bbox 237 1119 372 1182; x_wconf 84' lang='lat' dir='ltr'>semper</span> <span class='ocrx_word' id='word_1_53' title='bbox 402 1097 482 1162; x_wconf 88' lang='lat' dir='ltr'>boni</span> <span class='ocrx_word' id='word_1_54' title='bbox 512 1122 612 1182; x_wconf 85' lang='lat' dir='ltr'>quam</span> <span class='ocrx_word' id='word_1_55' title='bbox 641 1099 742 1168; x_wconf 84' lang='lat' dir='ltr'>mali?</span> <span class='ocrx_word' id='word_1_56' title='bbox 787 1098 870 1162; x_wconf 77' lang='lat' dir='ltr'>Quis</span> <span class='ocrx_word' id='word_1_57' title='bbox 893 1101 966 1184; x_wconf 64' lang='lat' dir='ltr'>[hoc</span> <span class='ocrx_word' id='word_1_58' title='bbox 998 1098 1100 1167; x_wconf 86' lang='lat' dir='ltr'>dicit?</span> <span class='ocrx_word' id='word_1_59' title='bbox 1145 1097 1252 1163; x_wconf 89' lang='lat' dir='ltr'>Stoici</span> 
     </span>
     <span class='ocr_line' id='line_1_9' title="bbox 11 1197 1250 1286; baseline 0.002 -24"><span class='ocrx_word' id='word_1_60' title='bbox 11 1197 12 1200; x_wconf 64' lang='grc'>’</span> <span class='ocrx_word' id='word_1_61' title='bbox 63 1199 223 1264; x_wconf 88' lang='lat' dir='ltr'>seilicet.</span> <span class='ocrx_word' id='word_1_62' title='bbox 277 1199 425 1278; x_wconf 86' lang='lat' dir='ltr'>Minime,</span> <span class='ocrx_word' id='word_1_63' title='bbox 450 1201 589 1266; x_wconf 88' lang='lat' dir='ltr'>sedisti</span> <span class='ocrx_word' id='word_1_64' title='bbox 611 1201 689 1286; x_wconf 89' lang='lat' dir='ltr'>ipsi,</span> <span class='ocrx_word' id='word_1_65' title='bbox 715 1201 771 1284; x_wconf 91' lang='lat' dir='ltr'>qui</span> <span class='ocrx_word' id='word_1_66' title='bbox 792 1201 964 1286; x_wconf 88' lang='lat' dir='ltr'>voluptate</span> <span class='ocrx_word' id='word_1_67' title='bbox 988 1206 1022 1264; x_wconf 90' lang='lat' dir='ltr'>et</span> <span class='ocrx_word' id='word_1_68' title='bbox 1046 1201 1158 1265; x_wconf 90' lang='lat' dir='ltr'>dolore</span> <span class='ocrx_word' id='word_1_69' title='bbox 1182 1223 1250 1264; x_wconf 91' lang='lat' dir='ltr'>om-</span> 
     </span>
     <span class='ocr_line' id='line_1_10' title="bbox 63 1302 1249 1388; baseline 0.001 -23"><span class='ocrx_word' id='word_1_70' title='bbox 63 1302 122 1365; x_wconf 86' lang='lat' dir='ltr'>nia</span> <span class='ocrx_word' id='word_1_71' title='bbox 147 1302 364 1382; x_wconf 89' lang='lat' dir='ltr'>metiuntur,</span> <span class='ocrx_word' id='word_1_72' title='bbox 398 1325 505 1367; x_wconf 88' lang='lat' dir='ltr'>nonne</span> <span class='ocrx_word' id='word_1_73' title='bbox 536 1304 681 1369; x_wconf 89' lang='lat' dir='ltr'>clamant</span> <span class='ocrx_word' id='word_1_74' title='bbox 710 1303 853 1387; x_wconf 73' lang='lat' dir='ltr'>sapienti</span> <span class='ocrx_word' id='word_1_75' title='bbox 877 1303 953 1388; x_wconf 89' lang='lat' dir='ltr'>plus</span> <span class='ocrx_word' id='word_1_76' title='bbox 982 1323 1111 1386; x_wconf 81' lang='lat' dir='ltr'><strong>semper</strong></span> <span class='ocrx_word' id='word_1_77' title='bbox 1134 1303 1249 1366; x_wconf 86' lang='lat' dir='ltr'>adesse</span> 
     </span>
     <span class='ocr_line' id='line_1_11' title="bbox 65 1397 1250 1489; baseline 0 -21"><span class='ocrx_word' id='word_1_78' title='bbox 65 1405 162 1488; x_wconf 85' lang='lat' dir='ltr'>quod</span> <span class='ocrx_word' id='word_1_79' title='bbox 188 1405 283 1470; x_wconf 89' lang='lat' dir='ltr'>velit</span> <span class='ocrx_word' id='word_1_80' title='bbox 307 1427 405 1488; x_wconf 87' lang='lat' dir='ltr'>quam</span> <span class='ocrx_word' id='word_1_81' title='bbox 429 1397 518 1489; x_wconf 88' lang='lat' dir='ltr'>quod</span> <span class='ocrx_word' id='word_1_82' title='bbox 539 1407 647 1474; x_wconf 89' lang='lat' dir='ltr'>nolit?</span> <span class='ocrx_word' id='word_1_83' title='bbox 682 1405 767 1480; x_wconf 83' lang='lat' dir='ltr'>Cum</span> <span class='ocrx_word' id='word_1_84' title='bbox 789 1411 921 1471; x_wconf 88' lang='lat' dir='ltr'>tantum</span> <span class='ocrx_word' id='word_1_85' title='bbox 943 1404 1047 1489; x_wconf 89' lang='lat' dir='ltr'>igitur</span> <span class='ocrx_word' id='word_1_86' title='bbox 1068 1405 1104 1468; x_wconf 90' lang='lat' dir='ltr'>in</span> <span class='ocrx_word' id='word_1_87' title='bbox 1125 1405 1250 1470; x_wconf 85' lang='lat' dir='ltr'>virtute</span> 
     </span>
     <span class='ocr_line' id='line_1_12' title="bbox 66 1506 1250 1591; baseline 0 -20"><span class='ocrx_word' id='word_1_88' title='bbox 66 1515 207 1590; x_wconf 86' lang='lat' dir='ltr'>ponant</span> <span class='ocrx_word' id='word_1_89' title='bbox 232 1507 271 1586; x_wconf 89' lang='lat' dir='ltr'>ii,</span> <span class='ocrx_word' id='word_1_90' title='bbox 297 1508 352 1590; x_wconf 89' lang='lat' dir='ltr'>qui</span> <span class='ocrx_word' id='word_1_91' title='bbox 374 1507 522 1574; x_wconf 81' lang='lat' dir='ltr'>fatentur</span> <span class='ocrx_word' id='word_1_92' title='bbox 545 1531 581 1574; x_wconf 86' lang='lat' dir='ltr'>se</span> <span class='ocrx_word' id='word_1_93' title='bbox 603 1508 737 1572; x_wconf 88' lang='lat' dir='ltr'>virtutis</span> <span class='ocrx_word' id='word_1_94' title='bbox 761 1530 870 1589; x_wconf 86' lang='lat' dir='ltr'>cansa,</span> <span class='ocrx_word' id='word_1_95' title='bbox 894 1506 958 1574; x_wconf 84' lang='lat' dir='ltr'>nisi</span> <span class='ocrx_word' id='word_1_96' title='bbox 981 1529 1019 1572; x_wconf 89' lang='lat' dir='ltr'>ea</span> <span class='ocrx_word' id='word_1_97' title='bbox 1041 1508 1250 1591; x_wconf 88' lang='lat' dir='ltr'>voluptatem</span> 
     </span>
     <span class='ocr_line' id='line_1_13' title="bbox 68 1610 1249 1695; baseline 0.001 -22"><span class='ocrx_word' id='word_1_98' title='bbox 68 1613 242 1690; x_wconf 88' lang='lat' dir='ltr'>efficeret,</span> <span class='ocrx_word' id='word_1_99' title='bbox 269 1633 310 1674; x_wconf 91' lang='lat' dir='ltr'>ne</span> <span class='ocrx_word' id='word_1_100' title='bbox 334 1633 468 1676; x_wconf 88' lang='lat' dir='ltr'>manum</span> <span class='ocrx_word' id='word_1_101' title='bbox 491 1611 624 1695; x_wconf 90' lang='lat' dir='ltr'>quidem</span> <span class='ocrx_word' id='word_1_102' title='bbox 646 1633 797 1678; x_wconf 86' lang='lat' dir='ltr'>versuros</span> <span class='ocrx_word' id='word_1_103' title='bbox 818 1611 931 1690; x_wconf 84' lang='lat' dir='ltr'>fuisse,</span> <span class='ocrx_word' id='word_1_104' title='bbox 956 1611 1036 1694; x_wconf 85' lang='lat' dir='ltr'>quid</span> <span class='ocrx_word' id='word_1_105' title='bbox 1059 1610 1166 1676; x_wconf 82' lang='lat' dir='ltr'>facere</span> <span class='ocrx_word' id='word_1_106' title='bbox 1189 1633 1249 1674; x_wconf 90' lang='lat' dir='ltr'>nos</span> 
     </span>
     <span class='ocr_line' id='line_1_14' title="bbox 70 1711 1248 1798; baseline -0.001 -23"><span class='ocrx_word' id='word_1_107' title='bbox 70 1717 232 1797; x_wconf 84' lang='lat' dir='ltr'>oportet,</span> <span class='ocrx_word' id='word_1_108' title='bbox 267 1713 323 1796; x_wconf 90' lang='lat' dir='ltr'>qui</span> <span class='ocrx_word' id='word_1_109' title='bbox 346 1711 496 1796; x_wconf 84' lang='lat' dir='ltr'>quamvis</span> <span class='ocrx_word' id='word_1_110' title='bbox 518 1713 688 1780; x_wconf 83' lang='lat' dir='ltr'>minimam</span> <span class='ocrx_word' id='word_1_111' title='bbox 710 1713 947 1798; x_wconf 82' lang='lat' dir='ltr'>praestantiam</span> <span class='ocrx_word' id='word_1_112' title='bbox 972 1714 1072 1788; x_wconf 85' lang='lat' dir='ltr'>animi</span> <span class='ocrx_word' id='word_1_113' title='bbox 1094 1713 1248 1781; x_wconf 87' lang='lat' dir='ltr'>omnibus</span> 
     </span>
     <span class='ocr_line' id='line_1_15' title="bbox 68 1814 1248 1902; baseline 0.002 -25"><span class='ocrx_word' id='word_1_114' title='bbox 68 1814 172 1878; x_wconf 86' lang='lat' dir='ltr'>bonis</span> <span class='ocrx_word' id='word_1_115' title='bbox 201 1814 354 1898; x_wconf 89' lang='lat' dir='ltr'>eorporis</span> <span class='ocrx_word' id='word_1_116' title='bbox 377 1815 503 1880; x_wconf 89' lang='lat' dir='ltr'>anteire</span> <span class='ocrx_word' id='word_1_117' title='bbox 527 1815 690 1896; x_wconf 89' lang='lat' dir='ltr'>dicamus,</span> <span class='ocrx_word' id='word_1_118' title='bbox 722 1821 761 1880; x_wconf 85' lang='lat' dir='ltr'>ut</span> <span class='ocrx_word' id='word_1_119' title='bbox 788 1839 827 1880; x_wconf 87' lang='lat' dir='ltr'>ea</span> <span class='ocrx_word' id='word_1_120' title='bbox 849 1838 890 1879; x_wconf 89' lang='lat' dir='ltr'>ne</span> <span class='ocrx_word' id='word_1_121' title='bbox 913 1815 947 1880; x_wconf 92' lang='lat' dir='ltr'>in</span> <span class='ocrx_word' id='word_1_122' title='bbox 972 1823 1154 1902; x_wconf 87' lang='lat' dir='ltr'>conspeetu</span> <span class='ocrx_word' id='word_1_123' title='bbox 1177 1815 1248 1900; x_wconf 89' lang='lat' dir='ltr'>qui-</span> 
     </span>
     <span class='ocr_line' id='line_1_16' title="bbox 72 1915 1249 2002; baseline 0.003 -24"><span class='ocrx_word' id='word_1_124' title='bbox 72 1915 151 1980; x_wconf 90' lang='lat' dir='ltr'>dem</span> <span class='ocrx_word' id='word_1_125' title='bbox 175 1917 433 2000; x_wconf 78' lang='lat' dir='ltr'>relinquantur?</span> <span class='ocrx_word' id='word_1_126' title='bbox 479 1917 561 1984; x_wconf 75' lang='lat' dir='ltr'>Quis</span> <span class='ocrx_word' id='word_1_127' title='bbox 581 1925 633 1982; x_wconf 88' lang='lat' dir='ltr'>est</span> <span class='ocrx_word' id='word_1_128' title='bbox 655 1917 743 1984; x_wconf 88' lang='lat' dir='ltr'>enim</span> <span class='ocrx_word' id='word_1_129' title='bbox 766 1919 822 2002; x_wconf 91' lang='lat' dir='ltr'>qui</span> <span class='ocrx_word' id='word_1_130' title='bbox 844 1920 908 1982; x_wconf 91' lang='lat' dir='ltr'>hoc</span> <span class='ocrx_word' id='word_1_131' title='bbox 932 1918 1047 1982; x_wconf 85' lang='lat' dir='ltr'>cadere</span> <span class='ocrx_word' id='word_1_132' title='bbox 1071 1919 1105 1982; x_wconf 92' lang='lat' dir='ltr'>in</span> <span class='ocrx_word' id='word_1_133' title='bbox 1121 1918 1249 2002; x_wconf 85' lang='lat' dir='ltr'>sapien-</span> 
     </span>
     <span class='ocr_line' id='line_1_17' title="bbox 70 2020 1250 2106; baseline 0.005 -28"><span class='ocrx_word' id='word_1_134' title='bbox 70 2025 143 2082; x_wconf 89' lang='lat' dir='ltr'>tem</span> <span class='ocrx_word' id='word_1_135' title='bbox 169 2020 287 2098; x_wconf 82' lang='lat' dir='ltr'>dicere</span> <span class='ocrx_word' id='word_1_136' title='bbox 311 2020 443 2097; x_wconf 85' lang='lat' dir='ltr'>audeat,</span> <span class='ocrx_word' id='word_1_137' title='bbox 468 2026 515 2099; x_wconf 89' lang='lat' dir='ltr'>ut,</span> <span class='ocrx_word' id='word_1_138' title='bbox 540 2021 568 2084; x_wconf 90' lang='lat' dir='ltr'>si</span> <span class='ocrx_word' id='word_1_139' title='bbox 590 2021 661 2086; x_wconf 90' lang='lat' dir='ltr'>fieri</span> <span class='ocrx_word' id='word_1_140' title='bbox 683 2021 800 2106; x_wconf 80' lang='lat' dir='ltr'>possit,</span> <span class='ocrx_word' id='word_1_141' title='bbox 824 2021 984 2086; x_wconf 87' lang='lat' dir='ltr'>virtutem</span> <span class='ocrx_word' id='word_1_142' title='bbox 1005 2021 1040 2085; x_wconf 89' lang='lat' dir='ltr'>in</span> <span class='ocrx_word' id='word_1_143' title='bbox 1054 2027 1250 2105; x_wconf 90' lang='lat' dir='ltr'>perpetuum</span> 
     </span>
     <span class='ocr_line' id='line_1_18' title="bbox 74 2122 1248 2202; baseline 0.001 -17"><span class='ocrx_word' id='word_1_144' title='bbox 74 2123 223 2202; x_wconf 83' lang='lat' dir='ltr'>abiciat,</span> <span class='ocrx_word' id='word_1_145' title='bbox 260 2129 298 2186; x_wconf 91' lang='lat' dir='ltr'>ut</span> <span class='ocrx_word' id='word_1_146' title='bbox 328 2123 441 2186; x_wconf 86' lang='lat' dir='ltr'>dolore</span> <span class='ocrx_word' id='word_1_147' title='bbox 470 2123 558 2187; x_wconf 89' lang='lat' dir='ltr'>omni</span> <span class='ocrx_word' id='word_1_148' title='bbox 588 2123 769 2190; x_wconf 79' lang='lat' dir='ltr'>liberetur?</span> <span class='ocrx_word' id='word_1_149' title='bbox 819 2122 903 2187; x_wconf 75' lang='lat' dir='ltr'>Quis</span> <span class='ocrx_word' id='word_1_150' title='bbox 934 2130 1085 2202; x_wconf 84' lang='lat' dir='ltr'>nostrum</span> <span class='ocrx_word' id='word_1_151' title='bbox 1117 2123 1248 2200; x_wconf 84' lang='lat' dir='ltr'>dixerit,</span> 
     </span>
     <span class='ocr_line' id='line_1_19' title="bbox 75 2225 1247 2311; baseline 0.001 -23"><span class='ocrx_word' id='word_1_152' title='bbox 75 2247 159 2306; x_wconf 89' lang='lat' dir='ltr'>quos</span> <span class='ocrx_word' id='word_1_153' title='bbox 184 2250 259 2292; x_wconf 90' lang='lat' dir='ltr'>non</span> <span class='ocrx_word' id='word_1_154' title='bbox 281 2226 385 2311; x_wconf 91' lang='lat' dir='ltr'>pudet</span> <span class='ocrx_word' id='word_1_155' title='bbox 409 2247 457 2303; x_wconf 87' lang='lat' dir='ltr'>ea,</span> <span class='ocrx_word' id='word_1_156' title='bbox 483 2249 566 2310; x_wconf 87' lang='lat' dir='ltr'>quae</span> <span class='ocrx_word' id='word_1_157' title='bbox 591 2226 696 2292; x_wconf 86' lang='lat' dir='ltr'>Stoici</span> <span class='ocrx_word' id='word_1_158' title='bbox 719 2249 834 2311; x_wconf 84' lang='lat' dir='ltr'>aspera</span> <span class='ocrx_word' id='word_1_159' title='bbox 858 2226 993 2306; x_wconf 89' lang='lat' dir='ltr'>dicunt,</span> <span class='ocrx_word' id='word_1_160' title='bbox 1017 2228 1104 2290; x_wconf 85' lang='lat' dir='ltr'>mala</span> <span class='ocrx_word' id='word_1_161' title='bbox 1128 2225 1247 2304; x_wconf 89' lang='lat' dir='ltr'>dicere,</span> 
     </span>
     <span class='ocr_line' id='line_1_20' title="bbox 75 2328 1249 2416; baseline 0.002 -24"><span class='ocrx_word' id='word_1_162' title='bbox 75 2328 200 2393; x_wconf 88' lang='lat' dir='ltr'>melius</span> <span class='ocrx_word' id='word_1_163' title='bbox 242 2351 314 2394; x_wconf 88' lang='lat' dir='ltr'>esse</span> <span class='ocrx_word' id='word_1_164' title='bbox 350 2329 492 2416; x_wconf 86' lang='lat' dir='ltr'>turpiter</span> <span class='ocrx_word' id='word_1_165' title='bbox 529 2329 655 2414; x_wconf 84' lang='lat' dir='ltr'>aliquid</span> <span class='ocrx_word' id='word_1_166' title='bbox 691 2329 800 2396; x_wconf 84' lang='lat' dir='ltr'>faeere</span> <span class='ocrx_word' id='word_1_167' title='bbox 837 2352 912 2400; x_wconf 84' lang='lat' dir='ltr'>cum</span> <span class='ocrx_word' id='word_1_168' title='bbox 943 2331 1117 2415; x_wconf 86' lang='lat' dir='ltr'>voluptate</span> <span class='ocrx_word' id='word_1_169' title='bbox 1151 2351 1249 2412; x_wconf 89' lang='lat' dir='ltr'>quam</span> 
     </span>
     <span class='ocr_line' id='line_1_21' title="bbox 76 2430 1248 2517; baseline 0.002 -25"><span class='ocrx_word' id='word_1_170' title='bbox 76 2430 225 2496; x_wconf 86' lang='lat' dir='ltr'>honeste</span> <span class='ocrx_word' id='word_1_171' title='bbox 250 2453 326 2496; x_wconf 89' lang='lat' dir='ltr'>cum</span> <span class='ocrx_word' id='word_1_172' title='bbox 346 2433 483 2500; x_wconf 86' lang='lat' dir='ltr'>dolore?</span> <span class='ocrx_word' id='word_1_173' title='bbox 529 2431 596 2516; x_wconf 83' lang='grc'>(94)</span> <span class='ocrx_word' id='word_1_174' title='bbox 619 2431 727 2499; x_wconf 88' lang='lat' dir='ltr'>Nobis</span> <span class='ocrx_word' id='word_1_175' title='bbox 750 2432 967 2498; x_wconf 84' lang='lat' dir='ltr'>Heracleotes</span> <span class='ocrx_word' id='word_1_176' title='bbox 991 2431 1049 2496; x_wconf 94' lang='lat' dir='ltr'>ille</span> <span class='ocrx_word' id='word_1_177' title='bbox 1066 2431 1248 2517; x_wconf 88' lang='lat' dir='ltr'>Dionysius</span> 
     </span>
     <span class='ocr_line' id='line_1_22' title="bbox 79 2533 1244 2619; baseline 0.003 -25"><span class='ocrx_word' id='word_1_178' title='bbox 79 2533 253 2616; x_wconf 86' lang='lat' dir='ltr'>flagitiose</span> <span class='ocrx_word' id='word_1_179' title='bbox 278 2534 456 2598; x_wconf 87' lang='lat' dir='ltr'>descivisse</span> <span class='ocrx_word' id='word_1_180' title='bbox 480 2535 612 2599; x_wconf 87' lang='lat' dir='ltr'>videtur</span> <span class='ocrx_word' id='word_1_181' title='bbox 627 2559 646 2598; x_wconf 91' lang='lat' dir='ltr'>a</span> <span class='ocrx_word' id='word_1_182' title='bbox 662 2533 783 2618; x_wconf 85' lang='lat' dir='ltr'>Stoicis</span> <span class='ocrx_word' id='word_1_183' title='bbox 798 2541 934 2619; x_wconf 86' lang='lat' dir='ltr'>propter</span> <span class='ocrx_word' id='word_1_184' title='bbox 957 2535 1128 2600; x_wconf 89' lang='lat' dir='ltr'>oculorum</span> <span class='ocrx_word' id='word_1_185' title='bbox 1152 2535 1244 2598; x_wconf 91' lang='lat' dir='ltr'>dolo-</span> 
     </span>
     <span class='ocr_line' id='line_1_23' title="bbox 80 2637 1247 2717; baseline 0.004 -20"><span class='ocrx_word' id='word_1_186' title='bbox 80 2657 161 2700; x_wconf 86' lang='lat' dir='ltr'>rem.</span> <span class='ocrx_word' id='word_1_187' title='bbox 213 2637 319 2700; x_wconf 80' lang='lat' dir='ltr'>Quasi</span> <span class='ocrx_word' id='word_1_188' title='bbox 342 2658 419 2701; x_wconf 87' lang='lat' dir='ltr'>vero</span> <span class='ocrx_word' id='word_1_189' title='bbox 443 2639 507 2701; x_wconf 91' lang='lat' dir='ltr'>hoc</span> <span class='ocrx_word' id='word_1_190' title='bbox 532 2637 746 2703; x_wconf 82' lang='lat' dir='ltr'>didicisseta</span> <span class='ocrx_word' id='word_1_191' title='bbox 768 2637 910 2717; x_wconf 84' lang='lat' dir='ltr'>Zenone,</span> <span class='ocrx_word' id='word_1_192' title='bbox 934 2659 1001 2702; x_wconf 88' lang='lat' dir='ltr'>non</span> <span class='ocrx_word' id='word_1_193' title='bbox 1023 2637 1147 2716; x_wconf 87' lang='lat' dir='ltr'>dolere,</span> <span class='ocrx_word' id='word_1_194' title='bbox 1173 2659 1247 2702; x_wconf 90' lang='lat' dir='ltr'>cum</span> 
     </span>
     <span class='ocr_line' id='line_1_24' title="bbox 81 2736 1248 2820; baseline 0.004 -20"><span class='ocrx_word' id='word_1_195' title='bbox 81 2736 232 2802; x_wconf 79' lang='lat' dir='ltr'>doleret!</span> <span class='ocrx_word' id='word_1_196' title='bbox 273 2740 365 2804; x_wconf 88' lang='lat' dir='ltr'>Illud</span> <span class='ocrx_word' id='word_1_197' title='bbox 392 2738 543 2804; x_wconf 86' lang='lat' dir='ltr'>audierat</span> <span class='ocrx_word' id='word_1_198' title='bbox 570 2760 632 2804; x_wconf 90' lang='lat' dir='ltr'>nec</span> <span class='ocrx_word' id='word_1_199' title='bbox 663 2746 775 2806; x_wconf 89' lang='lat' dir='ltr'>tamen</span> <span class='ocrx_word' id='word_1_200' title='bbox 804 2739 979 2820; x_wconf 87' lang='lat' dir='ltr'>didicerat,</span> <span class='ocrx_word' id='word_1_201' title='bbox 1013 2741 1137 2804; x_wconf 85' lang='lat' dir='ltr'>malum</span> <span class='ocrx_word' id='word_1_202' title='bbox 1163 2740 1248 2805; x_wconf 87' lang='lat' dir='ltr'>illud</span> 
     </span>
     <span class='ocr_line' id='line_1_25' title="bbox 81 2841 1247 2926; baseline 0.003 -25"><span class='ocrx_word' id='word_1_203' title='bbox 81 2862 148 2903; x_wconf 88' lang='lat' dir='ltr'>non</span> <span class='ocrx_word' id='word_1_204' title='bbox 172 2863 261 2921; x_wconf 87' lang='lat' dir='ltr'>esse,</span> <span class='ocrx_word' id='word_1_205' title='bbox 286 2842 362 2925; x_wconf 89' lang='lat' dir='ltr'>quia</span> <span class='ocrx_word' id='word_1_206' title='bbox 384 2847 481 2926; x_wconf 89' lang='lat' dir='ltr'>turpe</span> <span class='ocrx_word' id='word_1_207' title='bbox 503 2865 572 2906; x_wconf 87' lang='lat' dir='ltr'>non</span> <span class='ocrx_word' id='word_1_208' title='bbox 595 2845 693 2922; x_wconf 86' lang='lat' dir='ltr'>esset,</span> <span class='ocrx_word' id='word_1_209' title='bbox 717 2847 752 2906; x_wconf 90' lang='lat' dir='ltr'>et</span> <span class='ocrx_word' id='word_1_210' title='bbox 774 2863 846 2906; x_wconf 87' lang='lat' dir='ltr'>esse</span> <span class='ocrx_word' id='word_1_211' title='bbox 869 2842 1040 2908; x_wconf 87' lang='lat' dir='ltr'>ferendum</span> <span class='ocrx_word' id='word_1_212' title='bbox 1063 2841 1144 2906; x_wconf 87' lang='lat' dir='ltr'>viro.</span> <span class='ocrx_word' id='word_1_213' title='bbox 1184 2841 1247 2912; x_wconf 91' lang='lat' dir='ltr'>Hie</span> 
     </span>
    </p>
   </div>
   <div class='ocr_carea' id='block_1_5' title="bbox 11 3061 1248 4369">
    <p class='ocr_par' dir='ltr' id='par_1_5' title="bbox 11 3061 1248 3958">
     <span class='ocr_line' id='line_1_26' title="bbox 153 3061 1247 3133; baseline 0.002 -16"><span class='ocrx_word' id='word_1_214' title='bbox 153 3061 205 3117; x_wconf 71' lang='lat'>93.</span> <span class='ocrx_word' id='word_1_215' title='bbox 244 3062 405 3117; x_wconf 86' lang='lat' dir='ltr'>omnibus</span> <span class='ocrx_word' id='word_1_216' title='bbox 422 3062 579 3133; x_wconf 86' lang='lat' dir='ltr'>partibus</span> <span class='ocrx_word' id='word_1_217' title='bbox 597 3061 674 3131; x_wconf 83' lang='lat' dir='ltr'>plus</span> <span class='ocrx_word' id='word_1_218' title='bbox 694 3061 848 3116; x_wconf 88' lang='lat' dir='ltr'>‘unendlich</span> <span class='ocrx_word' id='word_1_219' title='bbox 866 3062 958 3126; x_wconf 85' lang='lat' dir='ltr'>mebr’,</span> <span class='ocrx_word' id='word_1_220' title='bbox 988 3081 1010 3116; x_wconf 88' lang='lat' dir='ltr'>s.</span> <span class='ocrx_word' id='word_1_221' title='bbox 1028 3082 1063 3117; x_wconf 88' lang='lat' dir='ltr'>zu</span> <span class='ocrx_word' id='word_1_222' title='bbox 1080 3064 1110 3118; x_wconf 90' lang='lat' dir='ltr'>H</span> <span class='ocrx_word' id='word_1_223' title='bbox 1128 3068 1169 3128; x_wconf 84' lang='lat'>33,</span> <span class='ocrx_word' id='word_1_224' title='bbox 1190 3069 1247 3120; x_wconf 84' lang='lat'>108.</span> 
     </span>
     <span class='ocr_line' id='line_1_27' title="bbox 84 3125 1248 3199; baseline 0.007 -19"><span class='ocrx_word' id='word_1_225' title='bbox 84 3125 200 3186; x_wconf 83' lang='lat' dir='ltr'>Stoici</span> <span class='ocrx_word' id='word_1_226' title='bbox 219 3131 359 3186; x_wconf 86' lang='lat' dir='ltr'>scilicet</span> <span class='ocrx_word' id='word_1_227' title='bbox 376 3135 427 3186; x_wconf 84' lang='lat' dir='ltr'>etc.</span> <span class='ocrx_word' id='word_1_228' title='bbox 462 3132 509 3186; x_wconf 91' lang='lat' dir='ltr'>Du</span> <span class='ocrx_word' id='word_1_229' title='bbox 526 3128 663 3184; x_wconf 81' lang='lat' dir='ltr'>mdchtest</span> <span class='ocrx_word' id='word_1_230' title='bbox 680 3129 751 3185; x_wconf 89' lang='lat' dir='ltr'>wohl</span> <span class='ocrx_word' id='word_1_231' title='bbox 768 3129 902 3199; x_wconf 82' lang='lat' dir='ltr'>glauben,</span> <span class='ocrx_word' id='word_1_232' title='bbox 925 3149 953 3184; x_wconf 81' lang='lat' dir='ltr'>cc</span> <span class='ocrx_word' id='word_1_233' title='bbox 971 3131 1010 3184; x_wconf 89' lang='lat' dir='ltr'>sei</span> <span class='ocrx_word' id='word_1_234' title='bbox 1027 3131 1071 3185; x_wconf 89' lang='lat' dir='ltr'>ein</span> <span class='ocrx_word' id='word_1_235' title='bbox 1088 3132 1160 3186; x_wconf 83' lang='lat' dir='ltr'>Auss</span> <span class='ocrx_word' id='word_1_236' title='bbox 1179 3135 1248 3188; x_wconf 91' lang='lat' dir='ltr'>ruch</span> 
     </span>
     <span class='ocr_line' id='line_1_28' title="bbox 84 3195 1246 3268; baseline 0.008 -21"><span class='ocrx_word' id='word_1_237' title='bbox 84 3195 131 3250; x_wconf 88' lang='lat' dir='ltr'>der</span> <span class='ocrx_word' id='word_1_238' title='bbox 149 3197 272 3266; x_wconf 79' lang='lat' dir='ltr'>Stoilrer;</span> <span class='ocrx_word' id='word_1_239' title='bbox 291 3199 340 3254; x_wconf 85' lang='lat' dir='ltr'>das</span> <span class='ocrx_word' id='word_1_240' title='bbox 358 3200 396 3254; x_wconf 85' lang='lat' dir='ltr'>ist</span> <span class='ocrx_word' id='word_1_241' title='bbox 413 3199 491 3254; x_wconf 86' lang='lat' dir='ltr'>nicht</span> <span class='ocrx_word' id='word_1_242' title='bbox 508 3199 591 3262; x_wconf 69' lang='lat' dir='ltr'>wahn</span> <span class='ocrx_word' id='word_1_243' title='bbox 610 3197 727 3253; x_wconf 87' lang='lat' dir='ltr'>sondern</span> <span class='ocrx_word' id='word_1_244' title='bbox 745 3216 773 3252; x_wconf 87' lang='lat' dir='ltr'>es</span> <span class='ocrx_word' id='word_1_245' title='bbox 791 3199 829 3252; x_wconf 88' lang='lat' dir='ltr'>ist</span> <span class='ocrx_word' id='word_1_246' title='bbox 847 3198 891 3252; x_wconf 88' lang='lat' dir='ltr'>ein</span> <span class='ocrx_word' id='word_1_247' title='bbox 907 3198 1066 3268; x_wconf 76' lang='lat' dir='ltr'>hussprueh</span> <span class='ocrx_word' id='word_1_248' title='bbox 1085 3197 1132 3254; x_wconf 89' lang='lat' dir='ltr'>der</span> <span class='ocrx_word' id='word_1_249' title='bbox 1192 3203 1246 3257; x_wconf 91' lang='lat' dir='ltr'>icu-</span> 
     </span>
     <span class='ocr_line' id='line_1_29' title="bbox 11 3265 1246 3337; baseline 0.006 -20"><span class='ocrx_word' id='word_1_250' title='bbox 11 3267 12 3272; x_wconf 77' lang='grc'>’</span> <span class='ocrx_word' id='word_1_251' title='bbox 86 3282 149 3319; x_wconf 88' lang='lat' dir='ltr'>reer.</span> <span class='ocrx_word' id='word_1_252' title='bbox 184 3269 239 3322; x_wconf 89' lang='lat' dir='ltr'>Die</span> <span class='ocrx_word' id='word_1_253' title='bbox 256 3268 376 3322; x_wconf 83' lang='lat' dir='ltr'>Hdschr.</span> <span class='ocrx_word' id='word_1_254' title='bbox 395 3267 486 3322; x_wconf 87' lang='lat' dir='ltr'>bieten</span> <span class='ocrx_word' id='word_1_255' title='bbox 503 3267 567 3322; x_wconf 88' lang='lat' dir='ltr'>licet</span> <span class='ocrx_word' id='word_1_256' title='bbox 584 3266 630 3323; x_wconf 82' lang='lat' dir='ltr'>fiir</span> <span class='ocrx_word' id='word_1_257' title='bbox 648 3267 697 3321; x_wconf 88' lang='lat' dir='ltr'>das</span> <span class='ocrx_word' id='word_1_258' title='bbox 724 3283 777 3320; x_wconf 87' lang='lat' dir='ltr'>von</span> <span class='ocrx_word' id='word_1_259' title='bbox 794 3265 912 3320; x_wconf 82' lang='lat' dir='ltr'>Lambin</span> <span class='ocrx_word' id='word_1_260' title='bbox 939 3265 1110 3337; x_wconf 77' lang='lat' dir='ltr'>hengestelltc</span> <span class='ocrx_word' id='word_1_261' title='bbox 1136 3270 1173 3324; x_wconf 85' lang='lat' dir='ltr'>sc&#39;</span> <span class='ocrx_word' id='word_1_262' title='bbox 1187 3269 1246 3326; x_wconf 85' lang='lat' dir='ltr'>&#39;cet</span> 
     </span>
     <span class='ocr_line' id='line_1_30' title="bbox 11 3333 1247 3408; baseline 0.006 -24"><span class='ocrx_word' id='word_1_263' title='bbox 11 3351 12 3354; x_wconf 43' lang='lat'>¹</span> <span class='ocrx_word' id='word_1_264' title='bbox 86 3333 154 3388; x_wconf 85' lang='lat' dir='ltr'>nisi</span> <span class='ocrx_word' id='word_1_265' title='bbox 172 3354 209 3392; x_wconf 90' lang='lat' dir='ltr'>ea</span> <span class='ocrx_word' id='word_1_266' title='bbox 227 3337 447 3408; x_wconf 84' lang='lat' dir='ltr'>voluptatem</span> <span class='ocrx_word' id='word_1_267' title='bbox 464 3336 634 3390; x_wconf 83' lang='lat' dir='ltr'>efficeret.</span> <span class='ocrx_word' id='word_1_268' title='bbox 666 3335 1009 3406; x_wconf 73' lang='lat' dir='ltr'>Indernrspriingliehen</span> <span class='ocrx_word' id='word_1_269' title='bbox 1026 3335 1146 3390; x_wconf 86' lang='lat' dir='ltr'>Hdschr.</span> <span class='ocrx_word' id='word_1_270' title='bbox 1165 3340 1247 3392; x_wconf 86' lang='lat' dir='ltr'>stand</span> 
     </span>
     <span class='ocr_line' id='line_1_31' title="bbox 86 3402 1247 3487; baseline 0.006 -32"><span class='ocrx_word' id='word_1_271' title='bbox 86 3402 226 3483; x_wconf 75' lang='lat' dir='ltr'>voluptate</span> <span class='ocrx_word' id='word_1_272' title='bbox 243 3408 387 3487; x_wconf 52' lang='lat' dir='ltr'>maceret,</span> <span class='ocrx_word' id='word_1_273' title='bbox 405 3424 510 3461; x_wconf 85' lang='lat' dir='ltr'>woraus</span> <span class='ocrx_word' id='word_1_274' title='bbox 529 3423 593 3486; x_wconf 83' lang='lat' dir='ltr'>man</span> <span class='ocrx_word' id='word_1_275' title='bbox 610 3403 779 3487; x_wconf 63' lang='lat' dir='ltr'>voluptatem</span> <span class='ocrx_word' id='word_1_276' title='bbox 797 3404 897 3458; x_wconf 83' lang='lat' dir='ltr'>acciret</span> <span class='ocrx_word' id='word_1_277' title='bbox 945 3403 1054 3460; x_wconf 87' lang='lat' dir='ltr'>emaoht</span> <span class='ocrx_word' id='word_1_278' title='bbox 1080 3405 1158 3487; x_wconf 37' lang='lat' dir='ltr'>hat..</span> <span class='ocrx_word' id='word_1_279' title='bbox 1174 3407 1247 3462; x_wconf 89' lang='lat' dir='ltr'>Aber</span> 
     </span>
     <span class='ocr_line' id='line_1_32' title="bbox 86 3471 1247 3614; baseline 0.007 -24"><span class='ocrx_word' id='word_1_280' title='bbox 86 3471 938 3614; x_wconf 57' lang='lat' dir='ltr'>etthi{tlttttttttttgfllttitltttltt</span> <span class='ocrx_word' id='word_1_281' title='bbox 957 3473 1247 3612; x_wconf 56' lang='lat' dir='ltr'>illustrabat</span> 
     </span>
     <span class='ocr_line' id='line_1_33' title="bbox 87 3609 1246 3686; baseline 0.005 -24"><span class='ocrx_word' id='word_1_282' title='bbox 87 3614 183 3682; x_wconf 72' lang='lat' dir='ltr'>oepit</span> <span class='ocrx_word' id='word_1_283' title='bbox 200 3615 269 3676; x_wconf 67' lang='lat' dir='ltr'>icor</span> <span class='ocrx_word' id='word_1_284' title='bbox 295 3611 339 3666; x_wconf 89' lang='lat' dir='ltr'>bei</span> <span class='ocrx_word' id='word_1_285' title='bbox 364 3611 465 3666; x_wconf 80' lang='lat' dir='ltr'>Athen.</span> <span class='ocrx_word' id='word_1_286' title='bbox 484 3611 541 3666; x_wconf 90' lang='lat' dir='ltr'>XII</span> <span class='ocrx_word' id='word_1_287' title='bbox 560 3615 592 3664; x_wconf 72' lang='lat' dir='ltr'>et</span> <span class='ocrx_word' id='word_1_288' title='bbox 623 3611 764 3684; x_wconf 75' lang='grc' dir='ltr'><em>Τιμητέον</em></span> <span class='ocrx_word' id='word_1_289' title='bbox 782 3612 814 3666; x_wconf 78' lang='lat' dir='ltr'>ad</span> <span class='ocrx_word' id='word_1_290' title='bbox 834 3611 921 3666; x_wconf 77' lang='grc' dir='ltr'><strong><em>καλὸν</em></strong></span> <span class='ocrx_word' id='word_1_291' title='bbox 940 3611 1057 3674; x_wconf 79' lang='grc' dir='ltr'><strong><em>καὶτὰς</em></strong></span> <span class='ocrx_word' id='word_1_292' title='bbox 1076 3609 1180 3686; x_wconf 78' lang='grc' dir='ltr'><em>ἀρετὰς</em></span> <span class='ocrx_word' id='word_1_293' title='bbox 1198 3619 1246 3668; x_wconf 74' lang='grc' dir='ltr'>καὶ</span> 
     </span>
     <span class='ocr_line' id='line_1_34' title="bbox 88 3676 1245 3757; baseline 0.002 -25"><span class='ocrx_word' id='word_1_294' title='bbox 88 3676 120 3728; x_wconf 82' lang='grc' dir='ltr'>τὰ</span> <span class='ocrx_word' id='word_1_295' title='bbox 138 3681 357 3757; x_wconf 80' lang='grc' dir='ltr'><strong><em>τοιουτότροπα,</em></strong></span> <span class='ocrx_word' id='word_1_296' title='bbox 379 3682 430 3736; x_wconf 80' lang='grc' dir='ltr'>ἐὰν</span> <span class='ocrx_word' id='word_1_297' title='bbox 448 3681 555 3752; x_wconf 72' lang='grc' dir='ltr'><em>ἡδονὴν</em></span> <span class='ocrx_word' id='word_1_298' title='bbox 574 3679 782 3755; x_wconf 76' lang='grc' dir='ltr'><strong><em>παρασκευάζῃ</em></strong></span> <span class='ocrx_word' id='word_1_299' title='bbox 800 3679 858 3734; x_wconf 87' lang='lat' dir='ltr'>und</span> <span class='ocrx_word' id='word_1_300' title='bbox 877 3697 927 3732; x_wconf 86' lang='lat' dir='ltr'>aus</span> <span class='ocrx_word' id='word_1_301' title='bbox 945 3678 977 3732; x_wconf 90' lang='lat' dir='ltr'>de</span> <span class='ocrx_word' id='word_1_302' title='bbox 987 3679 1031 3732; x_wconf 89' lang='lat' dir='ltr'>fin.</span> <span class='ocrx_word' id='word_1_303' title='bbox 1044 3679 1110 3744; x_wconf 85' lang='lat'>113,</span> <span class='ocrx_word' id='word_1_304' title='bbox 1120 3685 1153 3734; x_wconf 84' lang='lat'>42</span> <span class='ocrx_word' id='word_1_305' title='bbox 1171 3681 1245 3737; x_wconf 82' lang='lat' dir='ltr'>Istae</span> 
     </span>
     <span class='ocr_line' id='line_1_35' title="bbox 89 3745 1245 3820; baseline 0.005 -22"><span class='ocrx_word' id='word_1_306' title='bbox 89 3745 158 3802; x_wconf 81' lang='lat' dir='ltr'>enim</span> <span class='ocrx_word' id='word_1_307' title='bbox 176 3753 284 3804; x_wconf 86' lang='lat' dir='ltr'>vestrae</span> <span class='ocrx_word' id='word_1_308' title='bbox 300 3749 414 3805; x_wconf 85' lang='lat' dir='ltr'>eximiae</span> <span class='ocrx_word' id='word_1_309' title='bbox 430 3749 558 3820; x_wconf 89' lang='lat' dir='ltr'>pulchrae</span> <span class='ocrx_word' id='word_1_310' title='bbox 576 3767 610 3802; x_wconf 90' lang='lat' dir='ltr'>ue</span> <span class='ocrx_word' id='word_1_311' title='bbox 627 3749 744 3803; x_wconf 84' lang='lat' dir='ltr'>virtutes</span> <span class='ocrx_word' id='word_1_312' title='bbox 763 3749 817 3803; x_wconf 83' lang='lat' dir='ltr'>nisi</span> <span class='ocrx_word' id='word_1_313' title='bbox 835 3747 1003 3816; x_wconf 81' lang='lat' dir='ltr'>voluptatem</span> <span class='ocrx_word' id='word_1_314' title='bbox 1022 3747 1162 3804; x_wconf 88' lang='lat' dir='ltr'>efficerent.</span> <span class='ocrx_word' id='word_1_315' title='bbox 1207 3769 1245 3806; x_wconf 90' lang='lat' dir='ltr'>ne</span> 
     </span>
     <span class='ocr_line' id='line_1_36' title="bbox 88 3767 1245 3890; baseline 0.004 -23"><span class='ocrx_word' id='word_1_316' title='bbox 88 3829 218 3890; x_wconf 64' lang='lat' dir='ltr'>manum</span> <span class='ocrx_word' id='word_1_317' title='bbox 237 3818 370 3889; x_wconf 89' lang='lat' dir='ltr'>quidem</span> <span class='ocrx_word' id='word_1_318' title='bbox 387 3833 546 3873; x_wconf 83' lang='lat' dir='ltr'>versuros</span> <span class='ocrx_word' id='word_1_319' title='bbox 559 3767 687 3871; x_wconf 74' lang='lat' dir='ltr'>luisse:</span> <span class='ocrx_word' id='word_1_320' title='bbox 706 3817 759 3888; x_wconf 84' lang='lat' dir='ltr'>vgl</span> <span class='ocrx_word' id='word_1_321' title='bbox 778 3818 823 3872; x_wconf 89' lang='lat'>111</span> <span class='ocrx_word' id='word_1_322' title='bbox 842 3820 928 3880; x_wconf 75' lang='lat' dir='ltr'>ll,5&#39;1</span> <span class='ocrx_word' id='word_1_323' title='bbox 946 3833 980 3870; x_wconf 90' lang='lat' dir='ltr'>ne</span> <span class='ocrx_word' id='word_1_324' title='bbox 998 3815 1117 3887; x_wconf 87' lang='lat' dir='ltr'>digitum</span> <span class='ocrx_word' id='word_1_325' title='bbox 1135 3818 1245 3888; x_wconf 88' lang='lat' dir='ltr'>quidem</span> 
     </span>
     <span class='ocr_line' id='line_1_37' title="bbox 89 3885 681 3958; baseline 0.014 -27"><span class='ocrx_word' id='word_1_326' title='bbox 89 3895 144 3936; x_wconf 81' lang='lat' dir='ltr'>erus</span> <span class='ocrx_word' id='word_1_327' title='bbox 161 3903 243 3941; x_wconf 82' lang='lat' dir='ltr'>cause</span> <span class='ocrx_word' id='word_1_328' title='bbox 260 3887 454 3958; x_wconf 85' lang='lat' dir='ltr'>porrigendum</span> <span class='ocrx_word' id='word_1_329' title='bbox 472 3903 529 3940; x_wconf 85' lang='lat' dir='ltr'>esse</span> <span class='ocrx_word' id='word_1_330' title='bbox 547 3885 681 3942; x_wconf 87' lang='lat' dir='ltr'>dicebant.</span> 
     </span>
    </p>

    <p class='ocr_par' dir='ltr' id='par_1_6' title="bbox 90 3952 1244 4369">
     <span class='ocr_line' id='line_1_38' title="bbox 154 3952 1244 4026; baseline 0.003 -20"><span class='ocrx_word' id='word_1_331' title='bbox 154 3952 205 4008; x_wconf 77' lang='grc'>94.</span> <span class='ocrx_word' id='word_1_332' title='bbox 241 3955 432 4026; x_wconf 80' lang='lat' dir='ltr'>Dionysius</span> <span class='ocrx_word' id='word_1_333' title='bbox 459 3973 507 4009; x_wconf 87' lang='lat' dir='ltr'>aus</span> <span class='ocrx_word' id='word_1_334' title='bbox 534 3954 666 4010; x_wconf 87' lang='lat' dir='ltr'>Heraclea</span> <span class='ocrx_word' id='word_1_335' title='bbox 684 3955 712 4007; x_wconf 90' lang='lat' dir='ltr'>in</span> <span class='ocrx_word' id='word_1_336' title='bbox 731 3954 846 4017; x_wconf 83' lang='lat' dir='ltr'>Pontus,</span> <span class='ocrx_word' id='word_1_337' title='bbox 865 3953 908 4010; x_wconf 88' lang='lat' dir='ltr'>ein</span> <span class='ocrx_word' id='word_1_338' title='bbox 927 3953 1038 4007; x_wconf 84' lang='lat' dir='ltr'>Sehiiler</span> <span class='ocrx_word' id='word_1_339' title='bbox 1056 3954 1102 4008; x_wconf 88' lang='lat' dir='ltr'>des</span> <span class='ocrx_word' id='word_1_340' title='bbox 1122 3953 1244 4010; x_wconf 86' lang='lat' dir='ltr'>Stoihers</span> 
     </span>
     <span class='ocr_line' id='line_1_39' title="bbox 90 4014 1244 4145; baseline 0.004 -72"><span class='ocrx_word' id='word_1_341' title='bbox 90 4014 165 4096; x_wconf 74' lang='lat' dir='ltr'>Zeno,</span> <span class='ocrx_word' id='word_1_342' title='bbox 183 4023 230 4078; x_wconf 87' lang='lat' dir='ltr'>der</span> <span class='ocrx_word' id='word_1_343' title='bbox 248 4024 313 4079; x_wconf 86' lang='lat' dir='ltr'>aber</span> <span class='ocrx_word' id='word_1_344' title='bbox 329 4042 378 4078; x_wconf 83' lang='lat' dir='ltr'>zur</span> <span class='ocrx_word' id='word_1_345' title='bbox 390 4024 581 4095; x_wconf 73' lang='lat' dir='ltr'>oyrentischen</span> <span class='ocrx_word' id='word_1_346' title='bbox 598 4022 663 4078; x_wconf 87' lang='lat' dir='ltr'>oder</span> <span class='ocrx_word' id='word_1_347' title='bbox 681 4022 882 4145; x_wconf 63' lang='lat' dir='ltr'>cplicureischen</span> <span class='ocrx_word' id='word_1_348' title='bbox 894 4021 991 4076; x_wconf 87' lang='lat' dir='ltr'>Schule</span> <span class='ocrx_word' id='word_1_349' title='bbox 1008 4022 1142 4086; x_wconf 79' lang='lat' dir='ltr'>tibertrat,</span> <span class='ocrx_word' id='word_1_350' title='bbox 1161 4023 1244 4078; x_wconf 83' lang='lat' dir='ltr'>daher</span> 
     </span>
     <span class='ocr_line' id='line_1_40' title="bbox 92 4091 1243 4168; baseline 0.005 -27"><span class='ocrx_word' id='word_1_351' title='bbox 92 4101 145 4141; x_wconf 86' lang='lat' dir='ltr'>sem</span> <span class='ocrx_word' id='word_1_352' title='bbox 161 4091 291 4147; x_wconf 89' lang='lat' dir='ltr'>Beiname</span> <span class='ocrx_word' id='word_1_353' title='bbox 310 4093 325 4149; x_wconf 87' lang='grc' dir='ltr'>ὁ</span> <span class='ocrx_word' id='word_1_354' title='bbox 345 4095 571 4168; x_wconf 71' lang='grc' dir='ltr'><strong><em>Μεταθέμενος.</em></strong></span> <span class='ocrx_word' id='word_1_355' title='bbox 590 4091 674 4146; x_wconf 85' lang='lat' dir='ltr'>Acad.</span> <span class='ocrx_word' id='word_1_356' title='bbox 739 4095 781 4154; x_wconf 83' lang='lat'>22,</span> <span class='ocrx_word' id='word_1_357' title='bbox 801 4091 841 4144; x_wconf 73' lang='lat'>71.</span> <span class='ocrx_word' id='word_1_358' title='bbox 912 4094 1053 4160; x_wconf 88' lang='lat' dir='ltr'>propter</span> <span class='ocrx_word' id='word_1_359' title='bbox 1071 4091 1243 4147; x_wconf 90' lang='lat' dir='ltr'>oculorum</span> 
     </span>
     <span class='ocr_line' id='line_1_41' title="bbox 90 4151 1244 4232; baseline 0.004 -23"><span class='ocrx_word' id='word_1_360' title='bbox 90 4151 239 4216; x_wconf 83' lang='lat' dir='ltr'>dolorem.</span> <span class='ocrx_word' id='word_1_361' title='bbox 257 4161 329 4215; x_wconf 89' lang='lat' dir='ltr'>Dass</span> <span class='ocrx_word' id='word_1_362' title='bbox 347 4180 375 4216; x_wconf 89' lang='lat' dir='ltr'>es</span> <span class='ocrx_word' id='word_1_363' title='bbox 393 4163 453 4217; x_wconf 91' lang='lat' dir='ltr'>eine</span> <span class='ocrx_word' id='word_1_364' title='bbox 470 4159 714 4232; x_wconf 82' lang='lat' dir='ltr'>Augenkrankheit</span> <span class='ocrx_word' id='word_1_365' title='bbox 731 4177 795 4223; x_wconf 88' lang='lat' dir='ltr'>war,</span> <span class='ocrx_word' id='word_1_366' title='bbox 813 4159 887 4229; x_wconf 86' lang='lat' dir='ltr'>zeigt</span> <span class='ocrx_word' id='word_1_367' title='bbox 904 4159 975 4214; x_wconf 85' lang='lat' dir='ltr'>auch</span> <span class='ocrx_word' id='word_1_368' title='bbox 992 4159 1073 4229; x_wconf 84' lang='lat' dir='ltr'>Diog.</span> <span class='ocrx_word' id='word_1_369' title='bbox 1084 4159 1176 4214; x_wconf 83' lang='lat' dir='ltr'>Laert.</span> <span class='ocrx_word' id='word_1_370' title='bbox 1188 4160 1244 4214; x_wconf 86' lang='lat' dir='ltr'>VH</span> 
     </span>
     <span class='ocr_line' id='line_1_42' title="bbox 91 4221 1242 4302; baseline 0.003 -24"><span class='ocrx_word' id='word_1_371' title='bbox 91 4221 129 4275; x_wconf 65' lang='lat'>3⁷1.</span> <span class='ocrx_word' id='word_1_372' title='bbox 149 4231 204 4282; x_wconf 80' lang='grc'><strong>166.</strong></span> <span class='ocrx_word' id='word_1_373' title='bbox 240 4229 371 4300; x_wconf 83' lang='lat' dir='ltr'>Dagegen</span> <span class='ocrx_word' id='word_1_374' title='bbox 389 4231 465 4302; x_wconf 88' lang='lat' dir='ltr'>giebt</span> <span class='ocrx_word' id='word_1_375' title='bbox 482 4229 538 4285; x_wconf 77' lang='lat' dir='ltr'>oio.</span> <span class='ocrx_word' id='word_1_376' title='bbox 557 4230 636 4284; x_wconf 80' lang='lat' dir='ltr'>Tusc.</span> <span class='ocrx_word' id='word_1_377' title='bbox 654 4229 685 4284; x_wconf 92' lang='lat'>11</span> <span class='ocrx_word' id='word_1_378' title='bbox 703 4232 745 4292; x_wconf 83' lang='lat'>25,</span> <span class='ocrx_word' id='word_1_379' title='bbox 763 4233 796 4282; x_wconf 81' lang='lat'>60</span> <span class='ocrx_word' id='word_1_380' title='bbox 815 4229 854 4282; x_wconf 89' lang='lat' dir='ltr'>als</span> <span class='ocrx_word' id='word_1_381' title='bbox 873 4225 970 4282; x_wconf 81' lang='lat' dir='ltr'>Grund</span> <span class='ocrx_word' id='word_1_382' title='bbox 987 4228 1242 4294; x_wconf 80' lang='lat' dir='ltr'>Nierenschmerzen</span> 
     </span>
     <span class='ocr_line' id='line_1_43' title="bbox 93 4297 1244 4369; baseline 0.009 -29"><span class='ocrx_word' id='word_1_383' title='bbox 93 4305 136 4344; x_wconf 84' lang='lat' dir='ltr'>an:</span> <span class='ocrx_word' id='word_1_384' title='bbox 164 4313 227 4352; x_wconf 90' lang='lat' dir='ltr'>nam</span> <span class='ocrx_word' id='word_1_385' title='bbox 244 4316 306 4354; x_wconf 88' lang='lat' dir='ltr'>cum</span> <span class='ocrx_word' id='word_1_386' title='bbox 325 4317 356 4354; x_wconf 85' lang='lat' dir='ltr'>ex</span> <span class='ocrx_word' id='word_1_387' title='bbox 373 4299 482 4354; x_wconf 90' lang='lat' dir='ltr'>renibus</span> <span class='ocrx_word' id='word_1_388' title='bbox 500 4298 652 4362; x_wconf 87' lang='lat' dir='ltr'>laboraret,</span> <span class='ocrx_word' id='word_1_389' title='bbox 674 4297 781 4369; x_wconf 82' lang='lat' dir='ltr'>ipsein</span> <span class='ocrx_word' id='word_1_390' title='bbox 799 4297 903 4351; x_wconf 87' lang='lat' dir='ltr'>eiulatu</span> <span class='ocrx_word' id='word_1_391' title='bbox 922 4297 1081 4353; x_wconf 80' lang='lat' dir='ltr'>clamitabat</span> <span class='ocrx_word' id='word_1_392' title='bbox 1099 4297 1167 4352; x_wconf 83' lang='lat' dir='ltr'>falsa</span> <span class='ocrx_word' id='word_1_393' title='bbox 1186 4315 1244 4352; x_wconf 87' lang='lat' dir='ltr'>esse</span> 
     </span>
    </p>
   </div>
   <div class='ocr_carea' id='block_1_6' title="bbox 0 0 1503 4950">
    <p class='ocr_par' dir='ltr' id='par_1_7' title="bbox 0 0 1503 4950">
     <span class='ocr_line' id='line_1_44' title="bbox 0 0 1503 4950; baseline 0 0"><span class='ocrx_word' id='word_1_394' title='bbox 0 0 1503 4950; x_wconf 95' lang='lat' dir='ltr'> </span> 
     </span>
    </p>
   </div>
  </div>
 </body>
</html>
