2974 4950
401 273 464 328 Iun.
483 274 515 328 V.
551 274 616 330 Cae.
635 275 827 330 XVI-XVII.
865 277 892 341 ἐξ
912 280 1021 330 45-47.
1228 279 1289 342 247

132 447 274 508 naturae
298 443 389 507 etin
414 465 547 528 corpore
572 443 663 508 etin
685 443 793 509 animo
817 467 875 508 sua
900 467 1047 529 quaeque
1079 444 1129 509 vis
1152 445 1212 525 sit,
1245 447 1294 510 id·

134 545 226 610 circo
248 545 282 609 in
304 545 356 609 his
379 546 478 611 rebus
501 569 627 610 summe
655 553 769 611 nostra
792 552 910 631 sponte
934 568 1134 612 moveamur.
1181 549 1294 634 Atque

135 653 176 710 ut
200 670 218 710 a
242 667 375 733 corpore
400 647 521 727 ordiar,
555 647 689 711 videsne
712 654 766 725 ut,
796 649 824 711 ei
855 648 992 732 quaein
1016 648 1171 713 membris
1194 673 1295 734 prava

136 755 196 812 aut
227 748 401 812 debilitata
433 754 491 812 aut
522 747 694 812 imminuta
725 749 811 827 siut,
846 749 1016 813 occultent
1047 749 1218 814 homines?
1256 758 1294 816 ut

136 852 239 917 etiam
268 851 472 916 contendant
500 856 534 916 et
562 852 749 930 elaborent,
781 851 810 915 si
838 854 964 918 efficere
993 853 1136 939 possint,
1169 860 1208 918 ut
1237 862 1295 920 aut

138 979 205 1020 non
227 960 384 1038 appareat
407 955 552 1038 corporis
581 955 700 1020 vitium
722 961 781 1018 aut
804 977 900 1038 quam
924 957 1093 1020 minimum
1118 964 1294 1042 appareat?

138 1059 327 1142 multosque
351 1057 451 1122 etiam
475 1058 604 1122 dolores
637 1057 815 1123 curationis
840 1080 938 1124 causa
964 1061 1146 1146 perferant,
1180 1068 1232 1141 ut,
1266 1063 1295 1126 si

136 1165 220 1249 ipse
231 1186 309 1227 usne
341 1163 562 1250 membrorum
590 1184 657 1226 non
683 1162 780 1227 modo
809 1185 875 1226 non
903 1163 1021 1242 maior,
1054 1186 1166 1228 verum
1194 1165 1294 1229 etiam

138 1267 245 1330 minor
265 1266 396 1329 futurus
420 1263 478 1342 eit,
509 1284 621 1328 eorum
647 1271 759 1330 tamen
786 1263 911 1348 species
942 1265 984 1328 ed
1011 1273 1163 1330 naturam
1185 1288 1293 1332 rever-

137 1369 248 1434 tatur?
271 1366 414 1446 Etenim,
434 1389 509 1430 cum
524 1389 637 1431 omnes
657 1371 774 1430 natura
789 1372 879 1431 toton
896 1388 930 1431 se
948 1369 1150 1452 expetendos
1161 1376 1292 1454 putent,

139 1493 200 1536 neo
229 1471 264 1535 id
296 1471 339 1535 ob
371 1469 469 1534 eliam
500 1491 586 1549 rem,
619 1471 678 1534 sed
700 1477 835 1554 propter
852 1469 957 1554 ipsos,
990 1493 1125 1536 necesse
1150 1479 1202 1536 est
1224 1472 1293 1537 eius

141 1576 237 1639 etiam
259 1579 370 1659 partes
392 1578 527 1657 propter
549 1593 583 1636 se
607 1571 732 1656 expeti,
767 1573 855 1656 quod
881 1573 1071 1639 universum
1100 1579 1235 1658 propter
1258 1599 1294 1640 se

139 1683 323 1763 expetatur.
370 1675 433 1760 (47)
458 1675 566 1743 Quid?
597 1675 631 1740 in
662 1683 757 1740 motu
788 1678 821 1740 et
851 1675 885 1741 in
917 1681 1007 1741 statu
1039 1678 1183 1761 eorporis
1210 1678 1293 1743 nihil

137 1783 234 1861 inest,
259 1780 349 1864 quod
370 1777 696 1843 animadvertendum
718 1800 788 1843 esse
810 1778 881 1863 ipsa
896 1786 1014 1844 natura
1029 1780 1173 1844 iudicet?
1196 1803 1294 1864 quem

135 1886 178 1950 ad
201 1883 335 1947 modum
358 1881 430 1965 quie
454 1882 611 1960 ambulet,
636 1881 760 1960 sedeat,
786 1880 842 1965 qui
865 1881 984 1946 ductus
1004 1883 1079 1960 oris,
1105 1882 1160 1965 qui
1180 1885 1293 1947 vultus

135 1988 172 2050 in
196 2006 323 2069 quoque
347 1983 412 2052 sit?
435 1983 561 2048 nihilne
585 1990 637 2047 est
658 1984 694 2046 in
716 1983 768 2046 his
790 1983 899 2061 rebus,
925 1985 1013 2066 quod
1036 1983 1174 2066 dignum
1189 1984 1292 2049 libero

135 2094 198 2153 aut
226 2086 399 2171 indignum
430 2108 501 2150 esse
534 2078 712 2153 ducamus?
747 2086 866 2150 Nonne
905 2085 980 2150 odio
1016 2087 1139 2150 multos
1175 2085 1292 2170 dignos

135 2197 303 2276 putamus,
328 2190 384 2274 qui
407 2189 549 2274 quodam
571 2196 665 2253 motu
681 2196 738 2253 aut
754 2193 844 2252 statu
859 2189 1014 2253 videntur
1029 2196 1167 2253 naturae
1183 2189 1292 2274 legem

133 2299 169 2359 et
192 2294 326 2358 modum
350 2292 607 2377 contempsisse?
642 2293 689 2356 nt
720 2292 874 2376 quoniam
906 2295 987 2356 haec
1019 2293 1228 2357 deducuntur
1252 2295 1292 2358 de

134 2419 285 2482 corpore,
325 2395 404 2480 quid
440 2403 492 2460 est
529 2417 587 2459 cur
620 2418 687 2460 non
723 2401 812 2460 recte
844 2395 1057 2479 pulchritudo
1091 2394 1191 2460 etiam
1222 2396 1293 2481 ipsa

134 2507 270 2586 propter
293 2521 328 2564 se
352 2500 538 2583 expetenda
560 2499 721 2567 ducatur?
757 2499 845 2564 Nam
868 2499 897 2562 si
919 2499 1117 2584 pravitatem
1139 2499 1293 2564 imminu·

135 2603 325 2686 tionemque
349 2601 492 2686 corporis
516 2608 651 2684 propter
673 2623 708 2666 se
732 2601 924 2686 fugiendam
946 2606 1117 2686 putemne,
1148 2624 1205 2666 cur
1226 2625 1294 2668 non

132 2706 251 2784 etiam,
277 2727 314 2768 ac
338 2705 479 2770 fortasse
502 2705 623 2789 magis,
657 2712 793 2790 propter
815 2728 849 2771 se
873 2705 995 2771 formae
1020 2705 1219 2790 dignitatem
1242 2728 1292 2770 se·

132 2813 294 2892 quamur?
325 2807 371 2871 Et
394 2808 422 2870 si
444 2807 684 2892 turpitudinem
708 2806 854 2892 fugimus
877 2809 1024 2874 instato
1048 2816 1082 2873 et
1105 2815 1199 2874 motu
1222 2831 1292 2875 cor·

135 3045 183 3079 an.
252 3044 308 3080 aua
326 3044 475 3100 quaeque
492 3027 557 3082 vis:
587 3045 651 3081 men
674 3030 799 3082 erwartet
817 3045 866 3081 sna
885 3027 1014 3096 cuiusque
1031 3026 1080 3090 vie,
1099 3027 1163 3082 aber
1181 3028 1227 3081 der
1244 3027 1292 3081 lut

136 3093 374 3164 Sprachgebrauch
393 3097 516 3166 verlaugt
533 3113 583 3149 aua
610 3113 732 3176 quaeque
759 3096 808 3149 vis.
843 3095 932 3148 Wenn
958 3094 1077 3149 n'a'imlich
1106 3094 1293 3150 verschiedene

134 3161 254 3217 einzelne
265 3162 390 3233 subjecte
408 3165 459 3219 auf
472 3163 658 3218 verschiedene
676 3163 835 3218 einzelneD'
877 3163 973 3218 ebezo
1007 3183 1025 3216 n
1042 3161 1155 3227 werden,
1175 3182 1205 3217 so
1222 3162 1291 3217 rich·

135 3235 178 3286 tet
195 3231 254 3286 sich
272 3232 384 3304 quisque
401 3234 479 3288 nicht
497 3233 568 3287 nach
585 3231 648 3288 dem
661 3233 780 3301 subject,
799 3250 849 3286 son
869 3249 916 3287 ern
935 3234 976 3286 ete
997 3235 1010 3284 t
1028 3231 1080 3285 mit
1099 3249 1164 3286 suus
1182 3232 1211 3285 in
1246 3231 1291 3285 lei·

132 3301 213 3356 chem
230 3300 323 3354 Caene.
358 3303 438 3356 Tunc.
457 3301 497 3356 IV
517 3306 556 3366 12,
575 3305 607 3355 28
634 3301 701 3356 haec
727 3301 814 3372 igitur
839 3300 997 3372 proclivitas
1014 3299 1049 3353 ad
1067 3318 1148 3354 enum
1165 3318 1219 3370 quo
1240 3318 1292 3370 que

153 3388 220 3424 enus
239 3388 256 3423 a
273 3369 452 3425 similitudine
469 3370 589 3441 corporis
607 3370 759 3441 aegrotatio
778 3370 894 3425 dicatur.
931 3368 964 3423 de
982 3368 1026 3423 off.
1044 3369 1133 3433 1122,
1153 3372 1185 3422 78
1203 3372 1236 3423 ut
1253 3369 1292 3423 sit

132 3389 219 3493 ibera
237 3441 265 3492 et
282 3456 336 3494 non
354 3439 470 3494 sollicite
488 3457 552 3494 suae
569 3438 608 3493 rei
635 3440 764 3510 cuiusque
791 3438 923 3494 custodia.
959 3438 1033 3492 ane.
1053 3436 1077 3491 b.
1096 3438 1210 3500 o.183‚
1230 3441 1245 3490 2
1264 3441 1292 3492 et

132 3527 229 3562 rursus
248 3506 315 3560 eliac
334 3507 449 3564 totidem
467 3508 590 3562 cohortes
609 3527 673 3563 suae
685 3511 815 3578 cuiusque
826 3507 851 3562 le
871 3507 941 3562 ionia
952 3504 1195 3586 subaequehaptur.
1230 3508 1290 3586 At·

130 3595 197 3647 que
224 3579 262 3698 nst
280 3594 296 3629 a
314 3595 456 3700 carpohrp
478 3577 604 3700 hidiad'
625 3577 735 3700 1Xgl'1
753 3582 777 3642 5,
797 3581 828 3630 13
846 3525 886 3631 dt
904 3579 996 3630 autem
1015 3594 1031 3629 a
1049 3573 1185 3629 facrlhmia
1204 3573 1290 3629 ordre·

131 3665 203 3700 mar.
260 3663 274 3700 e
313 3664 327 3700 o
392 3663 461 3700 co.
520 3686 526 3699 .
598 3685 604 3699 .
658 3687 665 3700 .

202 3713 251 3770 47.
269 3643 349 3768 tideo
366 3713 582 3770 deducuntur
599 3714 638 3769 de
656 3730 797 3783 corpore
815 3713 867 3768 di.
887 3712 930 3767 die
947 3711 1096 3767 Menschen
1113 3710 1215 3765 cuchen
1232 3711 1290 3775 das,

131 3801 187 3838 was
206 3783 253 3836 der
270 3783 519 3838 Volllrommenheit
537 3783 584 3838 der
600 3784 692 3838 Natur
709 3781 786 3836 nicht
804 3781 971 3852 entcpricht,
998 3799 1051 3835 von
1079 3779 1167 3834 ihrem
1184 3779 1291 3850 Kiirper

130 3871 166 3906 zu
184 3851 333 3906 entiernen.
368 3851 436 3907 Hor.
455 3870 469 3906 e
488 3893 494 3904 .
512 3853 528 3906 Ι
545 3857 570 3915 2,
588 3852 652 3906 472.
671 3853 735 3907 Nou
753 3851 850 3906 domus
868 3853 895 3905 et
912 3850 1027 3905 fundus:
1058 3866 1112 3903 non
1131 3849 1203 3915 aeria
1220 3867 1289 3904 acer·

130 3939 182 3975 vus
201 3924 229 3975 et
247 3920 308 3975 auri
324 3920 444 3991 Aegrcto
462 3872 566 3975 domini
584 3920 695 3976 deduxit
713 3937 822 3990 corpore
841 3919 936 3975 febres.
1006 3918 1213 3990 pravitatem
1232 3918 1290 3974 im·

131 3989 424 4059 minutionemque
451 3989 607 4062 corporis
638 3990 715 4044 ‘Mias
735 3989 874 4059 ectaltung
900 3987 957 4042 und
975 3987 1216 4066 Veratiirnmelung
1243 3987 1289 4040 dee

130 4058 272 4130 Korpera'.
307 4059 368 4128 Vgl
388 4060 401 4124 ξ
420 4063 453 4112 46
480 4059 505 4113 si
539 4058 637 4113 necin
654 4076 726 4113 mem
745 4058 783 4112 rie
825 4075 890 4112 rava
908 4059 957 4111 ant
975 4055 1118 4111 debihtata
1135 4059 1185 4109 ant
1202 4053 1290 4108 rmmi-

130 4132 201 4182 nuta
220 4128 284 4182 sint.
320 4127 397 4182 state
414 4127 494 4181 der3
538 4126 630 4197 egriffe
647 4128 725 4182 suhrt
743 4127 798 4182 Cic.
837 4125 875 4181 'er
892 4143 945 4180 nur
962 4125 1027 4180 rwei
1045 4123 1100 4179 aui.
1135 4124 1191 4178 Dar
1210 4122 1291 4176 Wort

129 4195 291 4252 imminutio
309 4196 459 4266 gebraucht
485 4213 513 4250 er
539 4197 568 4250 in
595 4195 769 4266 cigentlicher
785 4195 949 4264 Bedeutung
967 4213 1020 4248 nur
1043 4192 1114 4256 hier3
1144 4190 1290 4271 imviiher-

129 4268 264 4336 tragenen
282 4265 365 4320 Sinne
382 4265 457 4320 steht
474 4283 501 4319 ea
519 4263 554 4319 ad
572 4265 636 4319 fam.
654 4265 699 4319 111
718 4269 741 4329 8,
760 4269 775 4318 2
794 4264 853 4320 eine
871 4264 926 4318 ulla
952 4261 1145 4317 imminutione
1171 4262 1290 4330 dignita·
