2974 4950
251 313 314 375 268
488 309 539 365 ΒΕ
557 307 709 363 FINIBUS
728 307 912 362 BONORUM
930 309 977 363 ΕΤ
995 306 1183 361 MALORUM

250 480 401 565 inquam,
426 482 489 544 hoc
513 479 688 564 magnifice
712 483 882 563 tamquam
904 499 945 542 ex
968 478 1101 542 oraculo
1126 477 1250 541 editur:
1283 477 1404 540 ‘Virtus

251 584 294 648 ed
315 584 413 648 beate
445 582 622 647 vivendum
654 603 689 646 ee
722 582 794 666 ipen
825 587 984 645 contente
1016 582 1088 658 eet’,
1122 580 1254 645 Quare?
1287 579 1402 663 inquit;

250 686 447 770 respondet:
475 684 583 763 ‘Quin
609 684 673 748 nisi
696 683 784 768 quod
807 685 985 747 honestum
1008 688 1070 761 cet,
1095 683 1225 746 nullum
1248 688 1304 746 eet
1323 680 1404 744 eliud

251 790 398 854 tonum!
442 787 518 854 Non
543 809 663 872 quecro
682 788 758 865 iam,
784 807 941 850 verumne
957 785 1016 850 eit:
1042 785 1127 850 illud
1144 785 1228 864 dieo,
1255 808 1305 865 ec,
1330 807 1402 868 quae

251 893 351 971 dicet,
376 893 543 976 praeclare
566 891 653 956 inter
676 913 711 955 se
740 893 926 955 cohaerere.
974 889 1043 974 (80)
1066 889 1199 954 Dixerit
1230 892 1296 954 hoc
1325 889 1404 952 idem

251 995 425 1079 EpicnrnS,
449 1016 579 1077 semper
601 994 737 1058 beatum
754 1015 825 1058 csse
845 993 1046 1078 eapientem:
1072 993 1161 1078 quod
1176 992 1312 1076 quidem
1327 991 1403 1054 solet

251 1097 391 1161 ebullire
407 1119 473 1160 non
489 1117 675 1180 nunquem;
701 1115 798 1178 quem
815 1095 958 1179 quidem,
985 1115 1059 1158 cum
1083 1095 1219 1160 summis
1243 1093 1402 1159 doloribus

253 1197 458 1274 conficietur,
476 1196 524 1260 eit
540 1196 721 1260 dicturum:
742 1197 863 1260 ‘Quam
877 1217 979 1260 suave
996 1197 1062 1260 eet!
1089 1219 1186 1280 quem
1203 1195 1289 1259 nihil
1306 1193 1402 1258 curol'

251 1336 292 1350 --
315 1323 382 1365 non
404 1319 549 1384 pugnem
574 1321 650 1364 curn
672 1299 823 1374 homine,
856 1307 877 1378 †
910 1321 968 1364 cur
995 1304 1127 1364 tantum
1155 1300 1280 1363 hebeat
1302 1297 1335 1360 in
1356 1319 1402 1358 nn·

250 1407 326 1467 tura
357 1399 450 1466 boni:
483 1402 568 1466 illud
599 1425 752 1486 urgeam,
786 1425 854 1466 uon
885 1403 1082 1486 intellegere
1115 1423 1206 1481 eum,
1240 1401 1320 1484 quid
1350 1397 1404 1462 sibi

252 1505 429 1568 dicendum
460 1503 519 1583 sit,
554 1525 629 1568 cum
661 1505 809 1570 dolorem
841 1527 1007 1569 summum
1037 1505 1163 1568 malum
1186 1525 1258 1568 esse
1283 1500 1399 1566 dixerit.

250 1607 378 1670 Eadem
401 1627 488 1670 nune
511 1628 585 1670 mcc
607 1607 783 1670 adversum
805 1613 840 1670 te
864 1605 969 1670 oratio
996 1612 1057 1670 eet.
1105 1604 1198 1668 Dicis
1214 1605 1328 1668 eadem
1343 1625 1400 1665 om·

251 1709 306 1772 nia
329 1715 363 1772 et
385 1707 472 1773 bono
495 1713 529 1772 et
551 1710 655 1787 mela,
681 1729 764 1793 quae
788 1708 904 1772 dicunt
926 1707 965 1786 ii,
996 1707 1053 1791 qui
1075 1729 1246 1790 nunquam
1270 1705 1399 1791 philoso·

252 1810 354 1895 phum
369 1808 508 1893 pictum,
534 1817 572 1872 ut
587 1809 719 1888 dicitur,
744 1809 909 1888 viderunt,
936 1809 1172 1888 valetudinem,
1190 1809 1290 1887 vires,
1305 1813 1399 1871 etctu·

252 1935 333 1992 ram,
358 1914 508 1992 formem,
534 1913 762 1997 integritatem
785 1913 1043 1998 unguiculorum
1066 1913 1213 1978 omnium
1237 1915 1326 1990 bona,
1354 1910 1398 1972 de·

251 2014 470 2093 formitatem,
502 2017 669 2095 morbum,
704 2015 914 2080 debilitatem
943 2016 1040 2080 male.
1088 2013 1149 2100 (81)
1180 2015 1256 2079 Iam
1278 2015 1332 2079 ille
1354 2033 1397 2075 ex·

251 2124 346 2182 terne
368 2140 466 2202 parce
489 2123 527 2182 tu
550 2119 700 2204 quidem,
733 2121 792 2184 sed
826 2122 906 2184 hceo
927 2102 1014 2182 'curn
1047 2118 1192 2202 corporis
1225 2119 1312 2183 bone
1332 2115 1396 2190 sint,

269 2305 371 2376 ,cgebcn
389 2305 507 2362 werden:
527 2306 592 2376 quid
611 2309 768 2361 constanter
785 2305 893 2362 dicetur
910 2305 968 2361 und
986 2305 1053 2376 quid
1070 2306 1162 2376 ipsum
1179 2325 1196 2360 n
1213 2324 1244 2360 se
1263 2301 1396 2359 dissentiet

277 2373 375 2431 ieeclbe
401 2373 469 2430 wird
499 2373 653 2444 cingcleitet
680 2375 732 2430 mit
758 2376 830 2445 quic.
866 2375 936 2430 Dem
954 2373 1118 2429 Vordcreetz
1141 2393 1204 2430 cum
1222 2393 1240 2428 a
1259 2375 1356 2428 Zenone
1371 2397 1396 2406 -

250 2448 379 2499 contenta
396 2449 439 2498 eet
455 2444 534 2498 htttc
552 2459 609 2497 nun
627 2445 671 2499 ein
688 2444 849 2508 Necheatr,
868 2443 916 2498 der
933 2443 977 2497 die
994 2444 1151 2512 llrlrl‘erung
1168 2443 1218 2498 der
1235 2439 1397 2514 renoniechtn

254 2511 498 2634 F⁰¹iiri⁰hfigk⁰st
516 2512 639 2576 enthielt,
658 2513 715 2568 und
733 2513 807 2567 dann
825 2512 896 2566 nech
908 2513 995 2566 ciuem
1008 2530 1095 2566 neuen
1107 2512 1273 2568 Vordersatz
1285 2512 1396 2586 cinnum·

250 2585 292 2635 ter
338 2581 449 2635 echeetz
467 2581 557 2651 folgen
575 2581 701 2645 rniieeen,
731 2581 778 2635 der
796 2581 849 2634 den
866 2579 973 2635 Widcrs
993 2581 1061 2635 rnch
1079 2581 1125 2634 der
1152 2581 1212 2635 iibr‘
1234 2599 1269 2636 en
1287 2579 1335 2638 mit
1349 2573 1396 2628 ⁸1⁰h

251 2649 396 2704 ncchwies.
426 2649 502 2703 Stett
520 2649 616 2704 deenen
633 2653 704 2704 eetzt
721 2649 776 2704 (lio.
795 2668 848 2703 nur
865 2649 945 2704 einen
962 2600 1102 2704 linctum
1119 2649 1177 2703 und
1224 2649 1297 2704 eidet
1313 2641 1396 2720 densel-

250 2717 303 2771 ben
320 2719 350 2772 in
367 2718 455 2786 Frage
472 2716 530 2772 und
547 2719 686 2773 Antwortr
706 2723 805 2787 quere?
823 2717 926 2786 inquit;
943 2718 1102 2788 respondet:
1121 2718 1187 2788 quie
1204 2722 1256 2772 etc.
1292 2729 1394 2783 megm-

250 2785 331 2840 fice=
349 2783 395 2840 HI
413 2790 437 2850 3,
457 2791 488 2839 ll
508 2785 638 2839 dicuntur
655 2787 718 2850 ieta,
737 2785 814 2847 (leto,
834 2787 985 2856 magnifice.
1020 2785 1061 2840 IV
1080 2791 1119 2850 19,
1139 2791 1171 2840 55
1209 2805 1262 2840 uae
1279 2802 1337 2840 cum
1352 2797 1395 2834 ma·

250 2855 349 2925 gnifice
366 2854 455 2925 primo
473 2853 528 2908 dici
545 2853 709 2909 viderentur.
779 2855 895 2924 inquit
913 2859 985 2924 ‘eagt
1002 2857 1084 2918 mnn’‚
1102 2873 1123 2909 c.
1141 2873 1176 2909 zu
1191 2805 1224 2910 il
1242 2859 1284 2917 28,
1303 2856 1340 2906 93.

320 2923 372 2978 80..
410 2939 476 2976 eem
505 2922 693 2978 erbertum
717 2931 789 2977 c'esc
817 2923 1019 2994 eapientem.
1055 2924 1135 2978 Nach
1153 2924 1256 2994 Epicur
1273 2917 1394 2978 mnodo

251 2989 393 3046 Schiclrscl
411 2991 471 3072 dem
480 2941 592 3072 ldeisen
610 3011 640 3046 eo
658 2993 746 3062 wenig
765 2991 898 3056 cnhaben,
918 2992 981 3047 dese
999 3010 1027 3046 er
1045 2992 1094 3046 ihn
1112 2996 1193 3047 untcr
1205 2991 1275 3048 allen
1286 2988 1395 3046 Umettn·

252 3059 305 3116 den
322 3060 459 3132 gltckheh
477 3065 570 3130 preret.
607 3061 635 3114 S.
654 3062 721 3116 nul
741 3063 781 3126 19,
801 3065 842 3114 63.
954 3060 1042 3131 qnod
1060 3061 1197 3131 quidem
1215 3051 1394 3116 soletebnl·

252 3129 323 3185 lire
341 3147 408 3184 non
426 3145 610 3199 nunqnam,
628 3130 725 3186 womit
742 3149 771 3186 er
788 3129 916 3186 unweilen
933 3129 985 3184 den
1002 3129 1091 3184 Mund
1108 3129 1304 3202 vollzustopfcn
1320 3122 1394 3196 pfltgi

257 3198 350 3253 indem
368 3216 396 3252 er
413 3196 504 3252 daron
518 3197 685 3278 prehlerisch
702 3197 786 3253 redet.
822 3199 900 3252 Tuec.
918 3197 964 3253 III
984 3203 1023 3261 18,
1041 3203 1074 3251 42
1103 3199 1151 3268 qui
1168 3199 1193 3253 si
1210 3200 1323 3255 virtutes
1339 3187 1394 3268 ebul·

248 3253 299 3322 lire
316 3267 408 3322 volent
426 3271 453 3321 ct
469 3267 627 3337 ceprentine.
749 3285 809 3322 cur
826 3271 962 3322 tentum
982 3266 1108 3322 habent
1126 3268 1160 3322 in
1178 3264 1392 3334 neturnbont

252 3336 308 3391 Cic.
326 3336 381 3392 will
399 3350 496 3406 segent
527 3335 572 3390 ich
589 3335 644 3390 will
661 3336 706 3390 die
723 3335 870 3390 thrheit
887 3337 935 3390 des
952 3336 1055 3398 Sanos,
1074 3335 1137 3390 dass
1154 3335 1204 3390 das
1223 3337 1333 3392 techna
1348 3327 1395 3380 (lul

249 3405 279 3458 in
297 3403 341 3458 dic
358 3403 429 3458 Imet
447 3421 481 3458 zu
499 3407 590 3458 eetzen
608 3403 654 3468 eci,
673 3404 750 3459 nicht
769 3405 930 3468 cnfechten,
958 3403 1023 3459 eber
1041 3403 1090 3458 dns
1108 3405 1218 3460 mbchte
1235 3407 1280 3460 ich
1308 3401 1394 3466 stegen»

248 3473 283 3527 ob
302 3472 403 3543 Epicur
420 3476 586 3542 consequent
603 3473 658 3536 iet,
685 3491 763 3528 wenn
781 3491 809 3527 er
827 3474 880 3528 den
898 3473 1024 3528 Schmerz
1042 3473 1089 3528 fiir
1115 3473 1165 3528 des
1188 3474 1302 3530 hdelrote
1326 3460 1393 3521 [1θῦθῖ

249 3541 360 3598 erkl'eirt.
396 3540 448 3596 Die
467 3541 560 3596 Worte
578 3561 626 3596 cur
643 3545 754 3596 tantum
772 3546 823 3597 cte.
843 3542 905 3596 sind
933 3541 1073 3611 jedenfells
1092 3542 1233 3614 unrichtig
1249 3534 1393 3598 iiberliefert

247 3611 327 3666 Aueh
345 3610 473 3680 Medvign
491 3613 601 3664 neneete
618 3610 784 3680 Aenderung
810 3628 858 3664 cur
884 3614 995 3664 tantum
1022 3610 1103 3665 abent
1130 3611 1168 3678 (d.
1187 3612 1205 3665 i.
1224 3617 1282 3666 tem
1297 3609 1368 3672 longo
1379 3615 1393 3676 ,ἃ

248 3677 328 3733 nobis
346 3678 479 3746 discedet)
496 3679 527 3734 in
544 3682 645 3733 natura
663 3679 728 3733 boui
746 3679 838 3734 dlirfte
857 3679 969 3734 deehelb
987 3678 1065 3734 nicht
1083 3680 1224 3748 zwingend
1251 3678 1322 3737 eoin,
1345 3663 1392 3724 thl

249 3748 319 3801 euch
337 3748 380 3802 die
398 3747 507 3802 Stoiker
523 3747 581 3803 und
600 3747 684 3803 eelbrt
702 3747 757 3802 Oic
776 3747 897 3804 deecclbe
924 3765 974 3802 ene
1007 3747 1108 3803 rechen
1135 3749 1175 3802 ale
1201 3749 1317 3830 Epicur,
1341 3738 1392 3792 (1³⁸⁸

249 3815 369 3870 ntmlich
387 3816 435 3870 der
446 3816 535 3871 Weiee
553 3816 624 3870 euch
643 3820 725 3872 nnter
744 3815 794 3870 don
813 3819 940 3886 grdseten
953 3816 987 3870 So
1008 3835 1115 3872 merten
1133 3817 1270 3888 gldcklreh
1287 3811 1330 3872 rei,
1346 3805 1391 3860 ⁸¹⁸⁰

248 3885 308 3938 eine
326 3903 356 3939 so
374 3885 438 3940 weit
454 3885 576 3955 gehendc
593 3885 728 3940 Differenz
746 3903 797 3956 ger
814 3885 892 3940 nicht
908 3884 1067 3940 verbanden
1085 3903 1148 3941 wer.
1253 3882 1309 3956 qni
1323 3890 1390 3932 nun‘

249 3972 346 4024 quem
364 3953 607 4024 philosophum
625 3955 754 4024 pictum
772 3958 822 4008 etc.
854 3954 1094 4024 epriichwdrtlich:
1130 3954 1175 4009 die
1192 3953 1270 4008 einen
1286 3945 1391 4005 Phil⁰⁸⁰·

246 4021 320 4093 phen
339 4021 410 4077 noch
427 4021 472 4078 nie
490 4023 594 4092 gemclt
611 4023 637 4076 d.
650 4022 677 4078 h.
696 4023 775 4077 nicht
791 4023 891 4078 einmcl
908 4023 948 4078 im
960 4021 1038 4077 Bilde
1050 4023 1166 4094 genehen
1178 4023 1273 4086 haben,
1289 4017 1330 4072 di·
1345 4009 1390 4086 8150

250 4090 329 4145 nicht
347 4090 391 4145 die
409 4091 485 4161 gerin
506 4093 547 4147 ete
565 4091 721 4147 Voretellun
759 4108 813 4146 von
831 4091 879 4146 der
896 4092 983 4146 Sechc
1000 4091 1097 4147 huben.
1150 4091 1238 4147 bone
1255 4083 1354 4145 soheint
1367 4089 1390 4128 1¹¹

248 4159 296 4214 der
313 4109 539 4242 urspriinglicicn
557 4109 742 4241 llcndechrili
758 4160 924 4231 euegefellen
942 4179 976 4215 eu
994 4160 1069 4224 sein,
1096 4160 1165 4216 fehlt
1183 4159 1266 4215 deber
1282 4158 1309 4212 in
1334 4145 1390 4202 ³110ss

248 4229 334 4283 Oodd.
352 4228 409 4283 und
427 4233 466 4283 ret
483 4229 585 4298 nchtrg
603 4247 656 4284 von
673 4228 791 4284 Lambin
809 4232 924 4300 erglinzt
943 4229 1059 4284 worden.
1364 4278 1368 4290 ,
1460 4239 1461 4242 ’

318 4297 367 4351 81.
402 4297 472 4352 lem
489 4298 829 4368 illcoxterneparce
846 4303 884 4353 tu
902 4298 1038 4368 quidem
1062 4291 1313 4353 neminudavisti.
1344 4281 1389 4335 Orc.
1460 4335 1461 4340 ἵ
