<?xml version="1.0" encoding="UTF-8"?>
<!DOCTYPE html PUBLIC "-//W3C//DTD XHTML 1.0 Transitional//EN"
    "http://www.w3.org/TR/xhtml1/DTD/xhtml1-transitional.dtd">
<html xmlns="http://www.w3.org/1999/xhtml" xml:lang="en" lang="en">
 <head>
  <title>
</title>
<meta http-equiv="Content-Type" content="text/html;charset=utf-8" />
  <meta name='ocr-system' content='tesseract 3.04.00' />
  <meta name='ocr-capabilities' content='ocr_page ocr_carea ocr_par ocr_line ocrx_word'/>
</head>
<body>
  <div class='ocr_page' id='page_1' title='image "./definibusbonoru00holsgoog_0183.png"; bbox 0 0 2942 4950; ppageno 0'>
   <div class='ocr_carea' id='block_1_1' title="bbox 389 320 1240 393">
    <p class='ocr_par' dir='ltr' id='par_1_1' title="bbox 389 320 1240 393">
     <span class='ocr_line' id='line_1_1' title="bbox 389 320 1240 393; baseline 0.011 -16"><span class='ocrx_word' id='word_1_1' title='bbox 389 322 451 377; x_wconf 79' lang='lat' dir='ltr'>Iun.</span> <span class='ocrx_word' id='word_1_2' title='bbox 469 320 523 378; x_wconf 86' lang='lat' dir='ltr'>III.</span> <span class='ocrx_word' id='word_1_3' title='bbox 559 321 624 379; x_wconf 72' lang='lat' dir='ltr'>Cur.</span> <span class='ocrx_word' id='word_1_4' title='bbox 642 323 748 378; x_wconf 87' lang='lat' dir='ltr'>XVIII.</span> <span class='ocrx_word' id='word_1_5' title='bbox 784 325 815 389; x_wconf 62' lang='grc' dir='ltr'>ἐξ</span> <span class='ocrx_word' id='word_1_6' title='bbox 832 328 942 378; x_wconf 70' lang='lat' dir='ltr'>sci-61.</span> <span class='ocrx_word' id='word_1_7' title='bbox 1180 330 1240 393; x_wconf 85' lang='grc'>159</span> 
     </span>
    </p>
   </div>
   <div class='ocr_carea' id='block_1_2' title="bbox 92 491 1240 686">
    <p class='ocr_par' dir='ltr' id='par_1_2' title="bbox 92 491 1240 686">
     <span class='ocr_line' id='line_1_2' title="bbox 93 491 1239 579; baseline 0.009 -25"><span class='ocrx_word' id='word_1_8' title='bbox 93 491 300 576; x_wconf 76' lang='lat' dir='ltr'>appellamusr</span> <span class='ocrx_word' id='word_1_9' title='bbox 327 501 380 558; x_wconf 83' lang='lat' dir='ltr'>est</span> <span class='ocrx_word' id='word_1_10' title='bbox 393 493 497 577; x_wconf 84' lang='lat' dir='ltr'>igitur</span> <span class='ocrx_word' id='word_1_11' title='bbox 508 493 654 558; x_wconf 81' lang='lat' dir='ltr'>officium</span> <span class='ocrx_word' id='word_1_12' title='bbox 670 495 739 558; x_wconf 87' lang='lat' dir='ltr'>eius</span> <span class='ocrx_word' id='word_1_13' title='bbox 756 495 896 578; x_wconf 82' lang='lat' dir='ltr'>generis,</span> <span class='ocrx_word' id='word_1_14' title='bbox 915 498 1003 579; x_wconf 91' lang='lat' dir='ltr'>quod</span> <span class='ocrx_word' id='word_1_15' title='bbox 1018 513 1079 562; x_wconf 88' lang='lat' dir='ltr'>neo</span> <span class='ocrx_word' id='word_1_16' title='bbox 1095 497 1239 564; x_wconf 90' lang='lat' dir='ltr'>inbonis</span> 
     </span>
     <span class='ocr_line' id='line_1_3' title="bbox 92 596 1240 686; baseline 0.006 -27"><span class='ocrx_word' id='word_1_17' title='bbox 92 602 223 678; x_wconf 77' lang='lat' dir='ltr'>ponetur</span> <span class='ocrx_word' id='word_1_18' title='bbox 237 617 299 662; x_wconf 87' lang='lat' dir='ltr'>nec</span> <span class='ocrx_word' id='word_1_19' title='bbox 315 597 348 661; x_wconf 89' lang='lat' dir='ltr'>in</span> <span class='ocrx_word' id='word_1_20' title='bbox 365 596 550 665; x_wconf 75' lang='lat' dir='ltr'>contrariis.</span> <span class='ocrx_word' id='word_1_21' title='bbox 574 598 707 662; x_wconf 89' lang='lat' dir='ltr'>XVIII.</span> <span class='ocrx_word' id='word_1_22' title='bbox 720 597 786 682; x_wconf 79' lang='lat'>(59)</span> <span class='ocrx_word' id='word_1_23' title='bbox 797 602 1240 686; x_wconf 82' lang='lat' dir='ltr'>Atqueperspicuumetiam</span> 
     </span>
    </p>
   </div>
   <div class='ocr_carea' id='block_1_3' title="bbox 76 697 1293 3354">
    <p class='ocr_par' dir='ltr' id='par_1_3' title="bbox 76 697 1293 3354">
     <span class='ocr_line' id='line_1_4' title="bbox 91 697 1240 786; baseline 0.008 -26"><span class='ocrx_word' id='word_1_24' title='bbox 91 697 167 762; x_wconf 84' lang='lat' dir='ltr'>illud</span> <span class='ocrx_word' id='word_1_25' title='bbox 183 706 243 778; x_wconf 87' lang='lat' dir='ltr'>est,</span> <span class='ocrx_word' id='word_1_26' title='bbox 261 699 295 762; x_wconf 94' lang='lat' dir='ltr'>in</span> <span class='ocrx_word' id='word_1_27' title='bbox 311 698 385 764; x_wconf 88' lang='lat' dir='ltr'>istis</span> <span class='ocrx_word' id='word_1_28' title='bbox 396 700 494 764; x_wconf 87' lang='lat' dir='ltr'>rebus</span> <span class='ocrx_word' id='word_1_29' title='bbox 504 699 621 763; x_wconf 89' lang='lat' dir='ltr'>mediis</span> <span class='ocrx_word' id='word_1_30' title='bbox 637 699 762 783; x_wconf 82' lang='lat' dir='ltr'>aliquid</span> <span class='ocrx_word' id='word_1_31' title='bbox 779 723 877 784; x_wconf 79' lang='lat' dir='ltr'>agere</span> <span class='ocrx_word' id='word_1_32' title='bbox 888 701 1082 786; x_wconf 80' lang='lat' dir='ltr'>sapientem.</span> <span class='ocrx_word' id='word_1_33' title='bbox 1105 704 1240 769; x_wconf 81' lang='lat' dir='ltr'>Iudicat</span> 
     </span>
     <span class='ocr_line' id='line_1_5' title="bbox 89 799 1240 890; baseline 0.004 -25"><span class='ocrx_word' id='word_1_34' title='bbox 89 799 206 884; x_wconf 80' lang='lat' dir='ltr'>igitur‚-</span> <span class='ocrx_word' id='word_1_35' title='bbox 219 823 296 866; x_wconf 90' lang='lat' dir='ltr'>cum</span> <span class='ocrx_word' id='word_1_36' title='bbox 311 802 392 886; x_wconf 80' lang='lat' dir='ltr'>agit,</span> <span class='ocrx_word' id='word_1_37' title='bbox 403 802 561 866; x_wconf 67' lang='lat' dir='ltr'>,officium</span> <span class='ocrx_word' id='word_1_38' title='bbox 575 802 661 867; x_wconf 91' lang='lat' dir='ltr'>illud</span> <span class='ocrx_word' id='word_1_39' title='bbox 677 825 760 868; x_wconf 87' lang='lat' dir='ltr'>esse.</span> <span class='ocrx_word' id='word_1_40' title='bbox 786 804 884 869; x_wconf 75' lang='lat' dir='ltr'>Quod</span> <span class='ocrx_word' id='word_1_41' title='bbox 901 805 1056 888; x_wconf 81' lang='lat' dir='ltr'>quoniam</span> <span class='ocrx_word' id='word_1_42' title='bbox 1071 829 1240 890; x_wconf 85' lang='lat' dir='ltr'>nunquam</span> 
     </span>
     <span class='ocr_line' id='line_1_6' title="bbox 89 902 1239 994; baseline 0.009 -29"><span class='ocrx_word' id='word_1_43' title='bbox 89 902 208 968; x_wconf 76' lang='lat' dir='ltr'>fallitur</span> <span class='ocrx_word' id='word_1_44' title='bbox 229 904 265 968; x_wconf 90' lang='lat' dir='ltr'>in</span> <span class='ocrx_word' id='word_1_45' title='bbox 287 905 474 983; x_wconf 63' lang='lat' dir='ltr'>iudicando</span> <span class='ocrx_word' id='word_1_46' title='bbox 501 905 564 970; x_wconf 88' lang='lat' dir='ltr'>crit</span> <span class='ocrx_word' id='word_1_47' title='bbox 585 905 619 968; x_wconf 91' lang='lat' dir='ltr'>in</span> <span class='ocrx_word' id='word_1_48' title='bbox 641 904 758 970; x_wconf 87' lang='lat' dir='ltr'>mediis</span> <span class='ocrx_word' id='word_1_49' title='bbox 781 907 879 970; x_wconf 86' lang='lat' dir='ltr'>rebus</span> <span class='ocrx_word' id='word_1_50' title='bbox 896 907 1061 972; x_wconf 81' lang='lat' dir='ltr'>officiumr</span> <span class='ocrx_word' id='word_1_51' title='bbox 1088 910 1176 994; x_wconf 90' lang='lat' dir='ltr'>quod</span> <span class='ocrx_word' id='word_1_52' title='bbox 1192 911 1239 975; x_wconf 85' lang='lat' dir='ltr'>ef-</span> 
     </span>
     <span class='ocr_line' id='line_1_7' title="bbox 88 1003 1239 1083; baseline 0.007 -15"><span class='ocrx_word' id='word_1_53' title='bbox 88 1003 190 1070; x_wconf 85' lang='lat' dir='ltr'>ficitur</span> <span class='ocrx_word' id='word_1_54' title='bbox 211 1008 275 1071; x_wconf 84' lang='lat' dir='ltr'>hac</span> <span class='ocrx_word' id='word_1_55' title='bbox 299 1007 398 1071; x_wconf 86' lang='lat' dir='ltr'>etiam</span> <span class='ocrx_word' id='word_1_56' title='bbox 422 1007 633 1072; x_wconf 85' lang='lat' dir='ltr'>conclusione</span> <span class='ocrx_word' id='word_1_57' title='bbox 655 1008 803 1072; x_wconf 76' lang='lat' dir='ltr'>rationis.</span> <span class='ocrx_word' id='word_1_58' title='bbox 851 1009 1016 1074; x_wconf 78' lang='lat' dir='ltr'>Quoniam</span> <span class='ocrx_word' id='word_1_59' title='bbox 1039 1010 1126 1083; x_wconf 89' lang='lat' dir='ltr'>enim</span> <span class='ocrx_word' id='word_1_60' title='bbox 1147 1011 1239 1078; x_wconf 91' lang='lat' dir='ltr'>vide·</span> 
     </span>
     <span class='ocr_line' id='line_1_8' title="bbox 85 1110 1240 1198; baseline 0.008 -27"><span class='ocrx_word' id='word_1_61' title='bbox 85 1130 153 1172; x_wconf 89' lang='lat' dir='ltr'>mus</span> <span class='ocrx_word' id='word_1_62' title='bbox 175 1131 247 1174; x_wconf 89' lang='lat' dir='ltr'>esse</span> <span class='ocrx_word' id='word_1_63' title='bbox 271 1110 438 1194; x_wconf 81' lang='lat' dir='ltr'><strong>quiddam,</strong></span> <span class='ocrx_word' id='word_1_64' title='bbox 464 1111 552 1194; x_wconf 91' lang='lat' dir='ltr'>quod</span> <span class='ocrx_word' id='word_1_65' title='bbox 574 1119 664 1176; x_wconf 84' lang='lat' dir='ltr'>recte</span> <span class='ocrx_word' id='word_1_66' title='bbox 688 1111 814 1176; x_wconf 78' lang='lat' dir='ltr'>sactum</span> <span class='ocrx_word' id='word_1_67' title='bbox 838 1114 1054 1198; x_wconf 79' lang='lat' dir='ltr'>appellemus,</span> <span class='ocrx_word' id='word_1_68' title='bbox 1078 1114 1111 1178; x_wconf 91' lang='lat' dir='ltr'>id</span> <span class='ocrx_word' id='word_1_69' title='bbox 1128 1122 1240 1180; x_wconf 85' lang='lat' dir='ltr'>autem</span> 
     </span>
     <span class='ocr_line' id='line_1_9' title="bbox 87 1213 1239 1296; baseline 0.008 -23"><span class='ocrx_word' id='word_1_70' title='bbox 87 1218 134 1275; x_wconf 83' lang='lat' dir='ltr'>est</span> <span class='ocrx_word' id='word_1_71' title='bbox 155 1213 340 1296; x_wconf 82' lang='lat' dir='ltr'>perfeetum</span> <span class='ocrx_word' id='word_1_72' title='bbox 364 1214 531 1294; x_wconf 81' lang='lat' dir='ltr'>officium,</span> <span class='ocrx_word' id='word_1_73' title='bbox 564 1213 628 1278; x_wconf 91' lang='lat' dir='ltr'>erit</span> <span class='ocrx_word' id='word_1_74' title='bbox 650 1213 752 1278; x_wconf 80' lang='lat' dir='ltr'>etism</span> <span class='ocrx_word' id='word_1_75' title='bbox 774 1215 986 1296; x_wconf 75' lang='lat' dir='ltr'>inchoatum,</span> <span class='ocrx_word' id='word_1_76' title='bbox 1019 1224 1077 1296; x_wconf 88' lang='lat' dir='ltr'>ut,</span> <span class='ocrx_word' id='word_1_77' title='bbox 1102 1217 1130 1280; x_wconf 92' lang='lat' dir='ltr'>si</span> <span class='ocrx_word' id='word_1_78' title='bbox 1151 1217 1239 1283; x_wconf 88' lang='lat' dir='ltr'>iuste</span> 
     </span>
     <span class='ocr_line' id='line_1_10' title="bbox 87 1314 1238 1404; baseline 0.007 -27"><span class='ocrx_word' id='word_1_79' title='bbox 87 1314 270 1399; x_wconf 84' lang='lat' dir='ltr'>depositum</span> <span class='ocrx_word' id='word_1_80' title='bbox 292 1315 429 1381; x_wconf 78' lang='lat' dir='ltr'>reddere</span> <span class='ocrx_word' id='word_1_81' title='bbox 452 1316 486 1380; x_wconf 91' lang='lat' dir='ltr'>in</span> <span class='ocrx_word' id='word_1_82' title='bbox 509 1323 600 1381; x_wconf 85' lang='lat' dir='ltr'>recte</span> <span class='ocrx_word' id='word_1_83' title='bbox 622 1316 722 1380; x_wconf 83' lang='lat' dir='ltr'>factis</span> <span class='ocrx_word' id='word_1_84' title='bbox 746 1317 800 1396; x_wconf 88' lang='lat' dir='ltr'>sit,</span> <span class='ocrx_word' id='word_1_85' title='bbox 825 1317 859 1381; x_wconf 90' lang='lat' dir='ltr'>in</span> <span class='ocrx_word' id='word_1_86' title='bbox 883 1317 1002 1383; x_wconf 88' lang='lat' dir='ltr'>officiis</span> <span class='ocrx_word' id='word_1_87' title='bbox 1025 1328 1168 1404; x_wconf 85' lang='lat' dir='ltr'>ponatur</span> <span class='ocrx_word' id='word_1_88' title='bbox 1182 1321 1238 1385; x_wconf 90' lang='lat' dir='ltr'>de-</span> 
     </span>
     <span class='ocr_line' id='line_1_11' title="bbox 86 1416 1235 1504; baseline 0.005 -24"><span class='ocrx_word' id='word_1_89' title='bbox 86 1416 227 1500; x_wconf 87' lang='lat' dir='ltr'>positum</span> <span class='ocrx_word' id='word_1_90' title='bbox 249 1419 403 1484; x_wconf 85' lang='lat' dir='ltr'>reddere:</span> <span class='ocrx_word' id='word_1_91' title='bbox 443 1418 502 1483; x_wconf 88' lang='lat' dir='ltr'>illo</span> <span class='ocrx_word' id='word_1_92' title='bbox 527 1419 615 1484; x_wconf 91' lang='lat' dir='ltr'>enim</span> <span class='ocrx_word' id='word_1_93' title='bbox 637 1419 751 1485; x_wconf 79' lang='lat' dir='ltr'>addito</span> <span class='ocrx_word' id='word_1_94' title='bbox 775 1421 884 1486; x_wconf 78' lang='lat' dir='ltr'>iusto</span> <span class='ocrx_word' id='word_1_95' title='bbox 907 1421 948 1484; x_wconf 85' lang='lat' dir='ltr'>fit</span> <span class='ocrx_word' id='word_1_96' title='bbox 974 1429 1066 1488; x_wconf 88' lang='lat' dir='ltr'>recte</span> <span class='ocrx_word' id='word_1_97' title='bbox 1097 1423 1235 1504; x_wconf 79' lang='lat' dir='ltr'>factum,</span> 
     </span>
     <span class='ocr_line' id='line_1_12' title="bbox 85 1523 1238 1609; baseline 0.007 -25"><span class='ocrx_word' id='word_1_98' title='bbox 85 1542 140 1602; x_wconf 88' lang='lat' dir='ltr'>per</span> <span class='ocrx_word' id='word_1_99' title='bbox 161 1543 196 1586; x_wconf 87' lang='lat' dir='ltr'>sc</span> <span class='ocrx_word' id='word_1_100' title='bbox 218 1527 332 1588; x_wconf 83' lang='lat' dir='ltr'>autem</span> <span class='ocrx_word' id='word_1_101' title='bbox 355 1524 419 1586; x_wconf 90' lang='lat' dir='ltr'>hoc</span> <span class='ocrx_word' id='word_1_102' title='bbox 441 1523 549 1607; x_wconf 91' lang='lat' dir='ltr'>ipsum</span> <span class='ocrx_word' id='word_1_103' title='bbox 579 1523 717 1587; x_wconf 86' lang='lat' dir='ltr'>reddere</span> <span class='ocrx_word' id='word_1_104' title='bbox 748 1523 782 1586; x_wconf 88' lang='lat' dir='ltr'>in</span> <span class='ocrx_word' id='word_1_105' title='bbox 815 1523 925 1588; x_wconf 88' lang='lat' dir='ltr'>officio</span> <span class='ocrx_word' id='word_1_106' title='bbox 956 1525 1101 1609; x_wconf 89' lang='lat' dir='ltr'>ponitur.</span> <span class='ocrx_word' id='word_1_107' title='bbox 1149 1527 1238 1594; x_wconf 76' lang='lat' dir='ltr'>Quo·</span> 
     </span>
     <span class='ocr_line' id='line_1_13' title="bbox 85 1624 1237 1711; baseline 0.006 -24"><span class='ocrx_word' id='word_1_108' title='bbox 85 1624 234 1708; x_wconf 77' lang='lat' dir='ltr'>uiamque</span> <span class='ocrx_word' id='word_1_109' title='bbox 255 1647 323 1690; x_wconf 88' lang='lat' dir='ltr'>non</span> <span class='ocrx_word' id='word_1_110' title='bbox 347 1625 484 1690; x_wconf 90' lang='lat' dir='ltr'>dubium</span> <span class='ocrx_word' id='word_1_111' title='bbox 507 1632 559 1690; x_wconf 88' lang='lat' dir='ltr'>est</span> <span class='ocrx_word' id='word_1_112' title='bbox 583 1625 662 1710; x_wconf 92' lang='lat' dir='ltr'>quin</span> <span class='ocrx_word' id='word_1_113' title='bbox 684 1626 718 1692; x_wconf 89' lang='lat' dir='ltr'>in</span> <span class='ocrx_word' id='word_1_114' title='bbox 741 1626 801 1706; x_wconf 90' lang='lat' dir='ltr'>iis,</span> <span class='ocrx_word' id='word_1_115' title='bbox 835 1650 918 1711; x_wconf 83' lang='lat' dir='ltr'>quae</span> <span class='ocrx_word' id='word_1_116' title='bbox 940 1628 1049 1693; x_wconf 86' lang='lat' dir='ltr'>medio</span> <span class='ocrx_word' id='word_1_117' title='bbox 1080 1629 1237 1709; x_wconf 78' lang='lat' dir='ltr'>dicamus,</span> 
     </span>
     <span class='ocr_line' id='line_1_14' title="bbox 84 1727 1241 1815; baseline 0.004 -24"><span class='ocrx_word' id='word_1_118' title='bbox 84 1727 127 1790; x_wconf 80' lang='lat' dir='ltr'>sic</span> <span class='ocrx_word' id='word_1_119' title='bbox 149 1728 238 1792; x_wconf 83' lang='lat' dir='ltr'>eliud</span> <span class='ocrx_word' id='word_1_120' title='bbox 262 1728 476 1807; x_wconf 90' lang='lat' dir='ltr'>sumendum,</span> <span class='ocrx_word' id='word_1_121' title='bbox 502 1728 592 1792; x_wconf 78' lang='lat' dir='ltr'>aliud</span> <span class='ocrx_word' id='word_1_122' title='bbox 615 1729 834 1809; x_wconf 81' lang='lat' dir='ltr'>reiciendum,</span> <span class='ocrx_word' id='word_1_123' title='bbox 869 1731 1029 1815; x_wconf 89' lang='lat' dir='ltr'>quidquid</span> <span class='ocrx_word' id='word_1_124' title='bbox 1050 1732 1098 1796; x_wconf 82' lang='lat' dir='ltr'>ita</span> <span class='ocrx_word' id='word_1_125' title='bbox 1121 1734 1160 1798; x_wconf 88' lang='lat' dir='ltr'>fit</span> <span class='ocrx_word' id='word_1_126' title='bbox 1183 1741 1241 1797; x_wconf 82' lang='lat' dir='ltr'>aut</span> 
     </span>
     <span class='ocr_line' id='line_1_15' title="bbox 83 1829 1239 1920; baseline 0.005 -26"><span class='ocrx_word' id='word_1_127' title='bbox 83 1829 212 1910; x_wconf 88' lang='lat' dir='ltr'>dicitur,</span> <span class='ocrx_word' id='word_1_128' title='bbox 238 1853 334 1896; x_wconf 88' lang='lat' dir='ltr'>omne</span> <span class='ocrx_word' id='word_1_129' title='bbox 358 1831 467 1896; x_wconf 82' lang='lat' dir='ltr'>officio</span> <span class='ocrx_word' id='word_1_130' title='bbox 492 1831 693 1896; x_wconf 88' lang='lat' dir='ltr'>continetur.</span> <span class='ocrx_word' id='word_1_131' title='bbox 739 1833 791 1896; x_wconf 83' lang='lat' dir='ltr'>Ex</span> <span class='ocrx_word' id='word_1_132' title='bbox 813 1856 877 1917; x_wconf 93' lang='lat' dir='ltr'>quo</span> <span class='ocrx_word' id='word_1_133' title='bbox 905 1834 1126 1918; x_wconf 70' lang='lat' dir='ltr'>intelligitur,</span> <span class='ocrx_word' id='word_1_134' title='bbox 1160 1859 1239 1920; x_wconf 92' lang='lat' dir='ltr'>quo-</span> 
     </span>
     <span class='ocr_line' id='line_1_16' title="bbox 82 1933 1239 2021; baseline 0.003 -24"><span class='ocrx_word' id='word_1_135' title='bbox 82 1933 171 1998; x_wconf 82' lang='lat' dir='ltr'>niam</span> <span class='ocrx_word' id='word_1_136' title='bbox 192 1956 227 1998; x_wconf 88' lang='lat' dir='ltr'>se</span> <span class='ocrx_word' id='word_1_137' title='bbox 250 1934 340 2018; x_wconf 87' lang='lat' dir='ltr'>ipsos</span> <span class='ocrx_word' id='word_1_138' title='bbox 364 1956 478 1999; x_wconf 91' lang='lat' dir='ltr'>omnes</span> <span class='ocrx_word' id='word_1_139' title='bbox 500 1941 620 1998; x_wconf 78' lang='lat' dir='ltr'>natura</span> <span class='ocrx_word' id='word_1_140' title='bbox 643 1935 797 2018; x_wconf 79' lang='lat' dir='ltr'>diligant,</span> <span class='ocrx_word' id='word_1_141' title='bbox 822 1944 892 1999; x_wconf 78' lang='lat' dir='ltr'>tem</span> <span class='ocrx_word' id='word_1_142' title='bbox 915 1935 1126 2020; x_wconf 69' lang='lat' dir='ltr'>insipientem</span> <span class='ocrx_word' id='word_1_143' title='bbox 1142 1960 1239 2021; x_wconf 85' lang='lat' dir='ltr'>quom</span> 
     </span>
     <span class='ocr_line' id='line_1_17' title="bbox 82 2028 1238 2122; baseline 0.002 -22"><span class='ocrx_word' id='word_1_144' title='bbox 82 2037 263 2122; x_wconf 71' lang='lat' dir='ltr'>sapientem</span> <span class='ocrx_word' id='word_1_145' title='bbox 287 2028 494 2122; x_wconf 87' lang='lat' dir='ltr'>sumpturum</span> <span class='ocrx_word' id='word_1_146' title='bbox 518 2033 601 2122; x_wconf 84' lang='lat' dir='ltr'>quae</span> <span class='ocrx_word' id='word_1_147' title='bbox 629 2039 812 2102; x_wconf 88' lang='lat' dir='ltr'>secundum</span> <span class='ocrx_word' id='word_1_148' title='bbox 833 2045 986 2104; x_wconf 79' lang='lat' dir='ltr'>naturam</span> <span class='ocrx_word' id='word_1_149' title='bbox 1009 2039 1076 2104; x_wconf 79' lang='lat' dir='ltr'>sint</span> <span class='ocrx_word' id='word_1_150' title='bbox 1098 2041 1238 2103; x_wconf 87' lang='lat' dir='ltr'>reiectu-</span> 
     </span>
     <span class='ocr_line' id='line_1_18' title="bbox 80 2139 1238 2224; baseline 0.001 -20"><span class='ocrx_word' id='word_1_151' title='bbox 80 2161 217 2224; x_wconf 87' lang='lat' dir='ltr'>rumque</span> <span class='ocrx_word' id='word_1_152' title='bbox 242 2139 415 2204; x_wconf 82' lang='lat' dir='ltr'>contraria.</span> <span class='ocrx_word' id='word_1_153' title='bbox 461 2141 517 2204; x_wconf 85' lang='lat' dir='ltr'>Ita</span> <span class='ocrx_word' id='word_1_154' title='bbox 541 2146 592 2204; x_wconf 87' lang='lat' dir='ltr'>est</span> <span class='ocrx_word' id='word_1_155' title='bbox 614 2139 781 2223; x_wconf 78' lang='lat' dir='ltr'>quoddam</span> <span class='ocrx_word' id='word_1_156' title='bbox 804 2162 976 2205; x_wconf 91' lang='lat' dir='ltr'>commune</span> <span class='ocrx_word' id='word_1_157' title='bbox 1009 2140 1156 2205; x_wconf 82' lang='lat' dir='ltr'>officium</span> <span class='ocrx_word' id='word_1_158' title='bbox 1187 2165 1238 2205; x_wconf 84' lang='lat' dir='ltr'>sc-</span> 
     </span>
     <span class='ocr_line' id='line_1_19' title="bbox 79 2241 1238 2328; baseline 0.002 -22"><span class='ocrx_word' id='word_1_159' title='bbox 79 2242 202 2326; x_wconf 90' lang='lat' dir='ltr'>pientis</span> <span class='ocrx_word' id='word_1_160' title='bbox 226 2249 261 2306; x_wconf 88' lang='lat' dir='ltr'>et</span> <span class='ocrx_word' id='word_1_161' title='bbox 282 2243 486 2328; x_wconf 84' lang='lat' dir='ltr'>insipientis:</span> <span class='ocrx_word' id='word_1_162' title='bbox 526 2265 567 2306; x_wconf 85' lang='lat' dir='ltr'>ex</span> <span class='ocrx_word' id='word_1_163' title='bbox 590 2266 654 2327; x_wconf 94' lang='lat' dir='ltr'>quo</span> <span class='ocrx_word' id='word_1_164' title='bbox 678 2241 824 2308; x_wconf 78' lang='lat' dir='ltr'>efficitur</span> <span class='ocrx_word' id='word_1_165' title='bbox 846 2243 969 2307; x_wconf 84' lang='lat' dir='ltr'>versari</span> <span class='ocrx_word' id='word_1_166' title='bbox 1001 2244 1034 2307; x_wconf 89' lang='lat' dir='ltr'>in</span> <span class='ocrx_word' id='word_1_167' title='bbox 1063 2242 1123 2322; x_wconf 89' lang='lat' dir='ltr'>iis,</span> <span class='ocrx_word' id='word_1_168' title='bbox 1149 2265 1238 2327; x_wconf 69' lang='lat' dir='ltr'>quoe</span> 
     </span>
     <span class='ocr_line' id='line_1_20' title="bbox 79 2344 1240 2431; baseline 0 -21"><span class='ocrx_word' id='word_1_169' title='bbox 79 2345 190 2410; x_wconf 81' lang='lat' dir='ltr'>media</span> <span class='ocrx_word' id='word_1_170' title='bbox 212 2344 371 2410; x_wconf 84' lang='lat' dir='ltr'>dicamus.</span> <span class='ocrx_word' id='word_1_171' title='bbox 433 2345 500 2430; x_wconf 82' lang='grc'><strong>(1111)</strong></span> <span class='ocrx_word' id='word_1_172' title='bbox 529 2345 595 2410; x_wconf 84' lang='lat' dir='ltr'>Sed</span> <span class='ocrx_word' id='word_1_173' title='bbox 619 2366 693 2408; x_wconf 87' lang='lat' dir='ltr'>cum</span> <span class='ocrx_word' id='word_1_174' title='bbox 717 2347 758 2410; x_wconf 79' lang='lat' dir='ltr'>ab</span> <span class='ocrx_word' id='word_1_175' title='bbox 782 2346 833 2409; x_wconf 91' lang='lat' dir='ltr'>his</span> <span class='ocrx_word' id='word_1_176' title='bbox 858 2347 966 2410; x_wconf 83' lang='lat' dir='ltr'>omnia</span> <span class='ocrx_word' id='word_1_177' title='bbox 988 2346 1240 2431; x_wconf 81' lang='lat' dir='ltr'>proficiscantur</span> 
     </span>
     <span class='ocr_line' id='line_1_21' title="bbox 78 2447 1238 2527; baseline 0.001 -16"><span class='ocrx_word' id='word_1_178' title='bbox 78 2447 207 2527; x_wconf 84' lang='lat' dir='ltr'>officia,</span> <span class='ocrx_word' id='word_1_179' title='bbox 239 2471 307 2513; x_wconf 92' lang='lat' dir='ltr'>non</span> <span class='ocrx_word' id='word_1_180' title='bbox 330 2449 399 2513; x_wconf 90' lang='lat' dir='ltr'>sine</span> <span class='ocrx_word' id='word_1_181' title='bbox 424 2471 523 2512; x_wconf 78' lang='lat' dir='ltr'>causa</span> <span class='ocrx_word' id='word_1_182' title='bbox 545 2448 666 2512; x_wconf 85' lang='lat' dir='ltr'>dicitur</span> <span class='ocrx_word' id='word_1_183' title='bbox 689 2449 731 2512; x_wconf 85' lang='lat' dir='ltr'>ad</span> <span class='ocrx_word' id='word_1_184' title='bbox 755 2471 792 2513; x_wconf 82' lang='lat' dir='ltr'>ec</span> <span class='ocrx_word' id='word_1_185' title='bbox 818 2449 933 2514; x_wconf 86' lang='lat' dir='ltr'>referri</span> <span class='ocrx_word' id='word_1_186' title='bbox 963 2471 1077 2520; x_wconf 88' lang='lat' dir='ltr'>omnes</span> <span class='ocrx_word' id='word_1_187' title='bbox 1109 2456 1238 2514; x_wconf 80' lang='lat' dir='ltr'>nostras</span> 
     </span>
     <span class='ocr_line' id='line_1_22' title="bbox 79 2551 1236 2636; baseline 0.002 -22"><span class='ocrx_word' id='word_1_188' title='bbox 79 2551 313 2636; x_wconf 80' lang='lat' dir='ltr'>cogitationes,</span> <span class='ocrx_word' id='word_1_189' title='bbox 338 2551 372 2615; x_wconf 90' lang='lat' dir='ltr'>in</span> <span class='ocrx_word' id='word_1_190' title='bbox 395 2551 447 2616; x_wconf 91' lang='lat' dir='ltr'>his</span> <span class='ocrx_word' id='word_1_191' title='bbox 470 2558 505 2615; x_wconf 87' lang='lat' dir='ltr'>et</span> <span class='ocrx_word' id='word_1_192' title='bbox 528 2571 699 2617; x_wconf 82' lang='lat' dir='ltr'>excessum</span> <span class='ocrx_word' id='word_1_193' title='bbox 715 2573 732 2634; x_wconf 88' lang='lat' dir='ltr'>e</span> <span class='ocrx_word' id='word_1_194' title='bbox 751 2552 822 2618; x_wconf 82' lang='lat' dir='ltr'>vita</span> <span class='ocrx_word' id='word_1_195' title='bbox 837 2553 921 2617; x_wconf 89' lang='lat' dir='ltr'>etin</span> <span class='ocrx_word' id='word_1_196' title='bbox 936 2553 1007 2618; x_wconf 85' lang='lat' dir='ltr'>vita</span> <span class='ocrx_word' id='word_1_197' title='bbox 1022 2553 1236 2617; x_wconf 82' lang='lat' dir='ltr'>mansionem.</span> 
     </span>
     <span class='ocr_line' id='line_1_23' title="bbox 76 2654 1293 2744; baseline 0.001 -27"><span class='ocrx_word' id='word_1_198' title='bbox 76 2655 118 2718; x_wconf 91' lang='lat' dir='ltr'>In</span> <span class='ocrx_word' id='word_1_199' title='bbox 146 2677 211 2738; x_wconf 91' lang='lat' dir='ltr'>quo</span> <span class='ocrx_word' id='word_1_200' title='bbox 234 2655 321 2719; x_wconf 90' lang='lat' dir='ltr'>enim</span> <span class='ocrx_word' id='word_1_201' title='bbox 336 2654 432 2739; x_wconf 79' lang='lat' dir='ltr'>plura</span> <span class='ocrx_word' id='word_1_202' title='bbox 448 2660 536 2734; x_wconf 86' lang='lat' dir='ltr'>sunt,</span> <span class='ocrx_word' id='word_1_203' title='bbox 562 2677 645 2739; x_wconf 80' lang='lat' dir='ltr'>quse</span> <span class='ocrx_word' id='word_1_204' title='bbox 662 2656 843 2720; x_wconf 90' lang='lat' dir='ltr'>secundum</span> <span class='ocrx_word' id='word_1_205' title='bbox 858 2663 1011 2720; x_wconf 82' lang='lat' dir='ltr'>naturam</span> <span class='ocrx_word' id='word_1_206' title='bbox 1027 2662 1117 2736; x_wconf 88' lang='lat' dir='ltr'>sunt,</span> <span class='ocrx_word' id='word_1_207' title='bbox 1142 2655 1239 2720; x_wconf 92' lang='lat' dir='ltr'>huius</span> <span class='ocrx_word' id='word_1_208' title='bbox 1289 2739 1293 2744; x_wconf 77' lang='lat'><em>,</em></span> 
     </span>
     <span class='ocr_line' id='line_1_24' title="bbox 78 2743 1288 2842; baseline -0.002 -20"><span class='ocrx_word' id='word_1_209' title='bbox 78 2757 228 2822; x_wconf 82' lang='lat' dir='ltr'>officium</span> <span class='ocrx_word' id='word_1_210' title='bbox 251 2758 360 2822; x_wconf 88' lang='lat' dir='ltr'>estin</span> <span class='ocrx_word' id='word_1_211' title='bbox 383 2758 452 2821; x_wconf 82' lang='lat' dir='ltr'>vita</span> <span class='ocrx_word' id='word_1_212' title='bbox 475 2779 626 2822; x_wconf 79' lang='lat' dir='ltr'>manere:</span> <span class='ocrx_word' id='word_1_213' title='bbox 665 2758 699 2821; x_wconf 92' lang='lat' dir='ltr'>in</span> <span class='ocrx_word' id='word_1_214' title='bbox 723 2781 787 2842; x_wconf 91' lang='lat' dir='ltr'>quo</span> <span class='ocrx_word' id='word_1_215' title='bbox 811 2767 923 2824; x_wconf 83' lang='lat' dir='ltr'>autem</span> <span class='ocrx_word' id='word_1_216' title='bbox 946 2768 1004 2824; x_wconf 81' lang='lat' dir='ltr'>sut</span> <span class='ocrx_word' id='word_1_217' title='bbox 1035 2765 1114 2822; x_wconf 87' lang='lat' dir='ltr'>sunt</span> <span class='ocrx_word' id='word_1_218' title='bbox 1145 2759 1240 2842; x_wconf 83' lang='lat' dir='ltr'>plura</span> <span class='ocrx_word' id='word_1_219' title='bbox 1282 2743 1288 2752; x_wconf 48' lang='lat'><em>&#39;</em></span> 
     </span>
     <span class='ocr_line' id='line_1_25' title="bbox 78 2859 1239 2938; baseline -0.002 -12"><span class='ocrx_word' id='word_1_220' title='bbox 78 2861 247 2926; x_wconf 82' lang='lat' dir='ltr'>contraria</span> <span class='ocrx_word' id='word_1_221' title='bbox 270 2871 326 2926; x_wconf 78' lang='lat' dir='ltr'>aut</span> <span class='ocrx_word' id='word_1_222' title='bbox 348 2859 418 2924; x_wconf 82' lang='lat' dir='ltr'>fore</span> <span class='ocrx_word' id='word_1_223' title='bbox 442 2860 607 2938; x_wconf 86' lang='lat' dir='ltr'>videntur,</span> <span class='ocrx_word' id='word_1_224' title='bbox 633 2861 730 2924; x_wconf 88' lang='lat' dir='ltr'>huius</span> <span class='ocrx_word' id='word_1_225' title='bbox 755 2862 902 2926; x_wconf 81' lang='lat' dir='ltr'>officium</span> <span class='ocrx_word' id='word_1_226' title='bbox 931 2869 982 2926; x_wconf 87' lang='lat' dir='ltr'>est</span> <span class='ocrx_word' id='word_1_227' title='bbox 1006 2883 1023 2925; x_wconf 91' lang='lat' dir='ltr'>e</span> <span class='ocrx_word' id='word_1_228' title='bbox 1047 2861 1116 2926; x_wconf 84' lang='lat' dir='ltr'>vita</span> <span class='ocrx_word' id='word_1_229' title='bbox 1144 2882 1239 2925; x_wconf 86' lang='lat' dir='ltr'>exce-</span> 
     </span>
     <span class='ocr_line' id='line_1_26' title="bbox 78 2961 1240 3050; baseline -0.003 -22"><span class='ocrx_word' id='word_1_230' title='bbox 78 2964 170 3028; x_wconf 87' lang='lat' dir='ltr'>dere.</span> <span class='ocrx_word' id='word_1_231' title='bbox 216 2963 333 3046; x_wconf 82' lang='lat' dir='ltr'>Equo</span> <span class='ocrx_word' id='word_1_232' title='bbox 356 2969 493 3046; x_wconf 79' lang='lat' dir='ltr'>apparet</span> <span class='ocrx_word' id='word_1_233' title='bbox 521 2969 555 3026; x_wconf 87' lang='lat' dir='ltr'>et</span> <span class='ocrx_word' id='word_1_234' title='bbox 587 2962 745 3046; x_wconf 87' lang='lat' dir='ltr'>sapientis</span> <span class='ocrx_word' id='word_1_235' title='bbox 778 2985 850 3027; x_wconf 87' lang='lat' dir='ltr'>esse</span> <span class='ocrx_word' id='word_1_236' title='bbox 883 2963 1059 3050; x_wconf 82' lang='lat' dir='ltr'>aliquando</span> <span class='ocrx_word' id='word_1_237' title='bbox 1093 2961 1240 3026; x_wconf 89' lang='lat' dir='ltr'>officium</span> 
     </span>
     <span class='ocr_line' id='line_1_27' title="bbox 78 3065 1238 3144; baseline -0.001 -13"><span class='ocrx_word' id='word_1_238' title='bbox 78 3066 240 3132; x_wconf 77' lang='lat' dir='ltr'>excedere</span> <span class='ocrx_word' id='word_1_239' title='bbox 263 3086 281 3129; x_wconf 92' lang='lat' dir='ltr'>e</span> <span class='ocrx_word' id='word_1_240' title='bbox 304 3065 392 3143; x_wconf 84' lang='lat' dir='ltr'>vita,</span> <span class='ocrx_word' id='word_1_241' title='bbox 428 3087 504 3130; x_wconf 91' lang='lat' dir='ltr'>cum</span> <span class='ocrx_word' id='word_1_242' title='bbox 526 3067 643 3130; x_wconf 85' lang='lat' dir='ltr'>beatus</span> <span class='ocrx_word' id='word_1_243' title='bbox 667 3065 731 3144; x_wconf 88' lang='lat' dir='ltr'>sit,</span> <span class='ocrx_word' id='word_1_244' title='bbox 765 3072 799 3129; x_wconf 90' lang='lat' dir='ltr'>et</span> <span class='ocrx_word' id='word_1_245' title='bbox 827 3067 924 3142; x_wconf 81' lang='lat' dir='ltr'>stulti</span> <span class='ocrx_word' id='word_1_246' title='bbox 946 3089 1078 3130; x_wconf 84' lang='lat' dir='ltr'>manere</span> <span class='ocrx_word' id='word_1_247' title='bbox 1101 3067 1135 3129; x_wconf 92' lang='lat' dir='ltr'>in</span> <span class='ocrx_word' id='word_1_248' title='bbox 1157 3065 1238 3144; x_wconf 84' lang='lat' dir='ltr'>vita,</span> 
     </span>
     <span class='ocr_line' id='line_1_28' title="bbox 81 3165 1240 3251; baseline -0.003 -19"><span class='ocrx_word' id='word_1_249' title='bbox 81 3191 160 3232; x_wconf 90' lang='lat' dir='ltr'>cum</span> <span class='ocrx_word' id='word_1_250' title='bbox 180 3167 224 3231; x_wconf 88' lang='lat' dir='ltr'>sit</span> <span class='ocrx_word' id='word_1_251' title='bbox 247 3167 357 3231; x_wconf 87' lang='lat' dir='ltr'>miser.</span> <span class='ocrx_word' id='word_1_252' title='bbox 391 3165 450 3251; x_wconf 78' lang='lat' dir='ltr'>(ol)</span> <span class='ocrx_word' id='word_1_253' title='bbox 473 3168 561 3230; x_wconf 83' lang='lat' dir='ltr'>Nam</span> <span class='ocrx_word' id='word_1_254' title='bbox 583 3167 708 3230; x_wconf 92' lang='lat' dir='ltr'>bonum</span> <span class='ocrx_word' id='word_1_255' title='bbox 724 3166 808 3230; x_wconf 87' lang='lat' dir='ltr'>iilud</span> <span class='ocrx_word' id='word_1_256' title='bbox 825 3173 859 3231; x_wconf 87' lang='lat' dir='ltr'>et</span> <span class='ocrx_word' id='word_1_257' title='bbox 877 3169 1012 3244; x_wconf 80' lang='lat' dir='ltr'>malum,</span> <span class='ocrx_word' id='word_1_258' title='bbox 1038 3167 1126 3251; x_wconf 89' lang='lat' dir='ltr'>quod</span> <span class='ocrx_word' id='word_1_259' title='bbox 1142 3188 1240 3250; x_wconf 78' lang='lat' dir='ltr'>saepe</span> 
     </span>
     <span class='ocr_line' id='line_1_29' title="bbox 80 3267 1239 3354; baseline -0.003 -21"><span class='ocrx_word' id='word_1_260' title='bbox 80 3269 151 3335; x_wconf 84' lang='lat' dir='ltr'>iam</span> <span class='ocrx_word' id='word_1_261' title='bbox 171 3270 295 3334; x_wconf 90' lang='lat' dir='ltr'>dictum</span> <span class='ocrx_word' id='word_1_262' title='bbox 320 3275 383 3349; x_wconf 88' lang='lat' dir='ltr'>est,</span> <span class='ocrx_word' id='word_1_263' title='bbox 406 3275 524 3354; x_wconf 78' lang='lat' dir='ltr'>postea</span> <span class='ocrx_word' id='word_1_264' title='bbox 546 3267 775 3350; x_wconf 79' lang='lat' dir='ltr'>consequitur:</span> <span class='ocrx_word' id='word_1_265' title='bbox 800 3268 905 3353; x_wconf 82' lang='lat' dir='ltr'>prima</span> <span class='ocrx_word' id='word_1_266' title='bbox 928 3273 1040 3331; x_wconf 87' lang='lat' dir='ltr'>autem</span> <span class='ocrx_word' id='word_1_267' title='bbox 1061 3267 1120 3331; x_wconf 82' lang='lat' dir='ltr'>illa</span> <span class='ocrx_word' id='word_1_268' title='bbox 1142 3274 1239 3331; x_wconf 82' lang='lat' dir='ltr'>natu·</span> 
     </span>
    </p>
   </div>
   <div class='ocr_carea' id='block_1_4' title="bbox 78 3371 1242 3455">
    <p class='ocr_par' dir='ltr' id='par_1_4' title="bbox 78 3371 1242 3455">
     <span class='ocr_line' id='line_1_30' title="bbox 78 3371 1242 3455; baseline -0.003 -17"><span class='ocrx_word' id='word_1_269' title='bbox 78 3397 135 3440; x_wconf 84' lang='lat' dir='ltr'>rae</span> <span class='ocrx_word' id='word_1_270' title='bbox 145 3423 156 3454; x_wconf 86' lang='lat'><em>,</em></span> <span class='ocrx_word' id='word_1_271' title='bbox 190 3375 258 3439; x_wconf 85' lang='lat' dir='ltr'>sive</span> <span class='ocrx_word' id='word_1_272' title='bbox 281 3374 427 3438; x_wconf 85' lang='lat' dir='ltr'>secunda</span> <span class='ocrx_word' id='word_1_273' title='bbox 449 3373 519 3436; x_wconf 88' lang='lat' dir='ltr'>sive</span> <span class='ocrx_word' id='word_1_274' title='bbox 543 3371 724 3452; x_wconf 82' lang='lat' dir='ltr'>contraris,</span> <span class='ocrx_word' id='word_1_275' title='bbox 759 3373 820 3436; x_wconf 89' lang='lat' dir='ltr'>sub</span> <span class='ocrx_word' id='word_1_276' title='bbox 844 3371 1002 3450; x_wconf 89' lang='lat' dir='ltr'>iudicium</span> <span class='ocrx_word' id='word_1_277' title='bbox 1025 3371 1183 3455; x_wconf 79' lang='lat' dir='ltr'>sapientis</span> <span class='ocrx_word' id='word_1_278' title='bbox 1207 3375 1242 3433; x_wconf 85' lang='lat' dir='ltr'>et</span> 
     </span>
    </p>
   </div>
   <div class='ocr_carea' id='block_1_5' title="bbox 79 3559 1241 4392">
    <p class='ocr_par' dir='ltr' id='par_1_5' title="bbox 79 3559 1241 3987">
     <span class='ocr_line' id='line_1_31' title="bbox 153 3559 1238 3631; baseline -0.007 -15"><span class='ocrx_word' id='word_1_279' title='bbox 153 3561 202 3616; x_wconf 75' lang='lat'>59·</span> <span class='ocrx_word' id='word_1_280' title='bbox 238 3561 331 3628; x_wconf 80' lang='lat' dir='ltr'>Quod</span> <span class='ocrx_word' id='word_1_281' title='bbox 349 3561 509 3631; x_wconf 81' lang='lat' dir='ltr'>quoniam</span> <span class='ocrx_word' id='word_1_282' title='bbox 528 3580 549 3615; x_wconf 88' lang='lat' dir='ltr'>s.</span> <span class='ocrx_word' id='word_1_283' title='bbox 568 3581 602 3615; x_wconf 84' lang='lat' dir='ltr'>zu</span> <span class='ocrx_word' id='word_1_284' title='bbox 620 3561 635 3614; x_wconf 96' lang='grc'>1</span> <span class='ocrx_word' id='word_1_285' title='bbox 654 3565 694 3625; x_wconf 83' lang='grc'>18,</span> <span class='ocrx_word' id='word_1_286' title='bbox 713 3562 754 3615; x_wconf 86' lang='grc'>59.</span> <span class='ocrx_word' id='word_1_287' title='bbox 853 3561 900 3616; x_wconf 82' lang='lat' dir='ltr'>Ex</span> <span class='ocrx_word' id='word_1_288' title='bbox 918 3579 981 3630; x_wconf 92' lang='lat' dir='ltr'>quo</span> <span class='ocrx_word' id='word_1_289' title='bbox 999 3559 1238 3630; x_wconf 77' lang='lat' dir='ltr'>intellegiiur:</span> 
     </span>
     <span class='ocr_line' id='line_1_32' title="bbox 79 3627 1239 3713; baseline -0.005 -26"><span class='ocrx_word' id='word_1_290' title='bbox 79 3633 160 3688; x_wconf 87' lang='lat' dir='ltr'>nicht</span> <span class='ocrx_word' id='word_1_291' title='bbox 178 3649 227 3685; x_wconf 84' lang='lat' dir='ltr'>cus</span> <span class='ocrx_word' id='word_1_292' title='bbox 245 3631 297 3712; x_wconf 80' lang='lat' dir='ltr'>den</span> <span class='ocrx_word' id='word_1_293' title='bbox 314 3631 423 3711; x_wconf 61' lang='lat' dir='ltr'>leuton,</span> <span class='ocrx_word' id='word_1_294' title='bbox 443 3630 559 3712; x_wconf 77' lang='lat' dir='ltr'>sondcrn</span> <span class='ocrx_word' id='word_1_295' title='bbox 577 3649 632 3685; x_wconf 83' lang='lat' dir='ltr'>sus.</span> <span class='ocrx_word' id='word_1_296' title='bbox 644 3629 697 3713; x_wconf 75' lang='lat' dir='ltr'>den</span> <span class='ocrx_word' id='word_1_297' title='bbox 714 3629 953 3701; x_wconf 85' lang='lat' dir='ltr'>vorhcrgehsnden</span> <span class='ocrx_word' id='word_1_298' title='bbox 970 3629 1092 3692; x_wconf 81' lang='lat' dir='ltr'>Wortcn,</span> <span class='ocrx_word' id='word_1_299' title='bbox 1110 3627 1173 3682; x_wconf 85' lang='lat' dir='ltr'>dass</span> <span class='ocrx_word' id='word_1_300' title='bbox 1191 3646 1239 3708; x_wconf 78' lang='lat' dir='ltr'>un·</span> 
     </span>
     <span class='ocr_line' id='line_1_33' title="bbox 79 3696 1240 3865; baseline -0.003 -41"><span class='ocrx_word' id='word_1_301' title='bbox 79 3696 1240 3865; x_wconf 57' lang='grc'><strong>1111111111111111111111101111111111111111</strong></span> 
     </span>
     <span class='ocr_line' id='line_1_34' title="bbox 79 3837 1241 3987; baseline -0.003 -24"><span class='ocrx_word' id='word_1_302' title='bbox 79 3837 465 3987; x_wconf 46' lang='lat' dir='ltr'>discedentem,</span> <span class='ocrx_word' id='word_1_303' title='bbox 482 3837 991 3977; x_wconf 48' lang='lat' dir='ltr'>itttetenderitis&amp;</span> <span class='ocrx_word' id='word_1_304' title='bbox 1009 3837 1055 3890; x_wconf 73' lang='lat' dir='ltr'>rs</span> <span class='ocrx_word' id='word_1_305' title='bbox 1071 3853 1181 3908; x_wconf 56' lang='lat' dir='ltr'>‘&#39;me</span> <span class='ocrx_word' id='word_1_306' title='bbox 1199 3838 1241 3889; x_wconf 53' lang='lat' dir='ltr'>V</span> 
     </span>
    </p>

    <p class='ocr_par' dir='ltr' id='par_1_6' title="bbox 80 3972 1240 4194">
     <span class='ocr_line' id='line_1_35' title="bbox 151 3972 1240 4056; baseline -0.004 -26"><span class='ocrx_word' id='word_1_307' title='bbox 151 3976 204 4031; x_wconf 77' lang='grc'><strong>(10.</strong></span> <span class='ocrx_word' id='word_1_308' title='bbox 240 3975 276 4030; x_wconf 85' lang='lat' dir='ltr'>in</span> <span class='ocrx_word' id='word_1_309' title='bbox 294 3975 346 4030; x_wconf 87' lang='lat' dir='ltr'>hrs</span> <span class='ocrx_word' id='word_1_310' title='bbox 365 3979 397 4029; x_wconf 86' lang='lat' dir='ltr'>et</span> <span class='ocrx_word' id='word_1_311' title='bbox 415 3977 465 4030; x_wconf 91' lang='lat' dir='ltr'>etc.</span> <span class='ocrx_word' id='word_1_312' title='bbox 495 3975 562 4030; x_wconf 82' lang='lat' dir='ltr'>kum</span> <span class='ocrx_word' id='word_1_313' title='bbox 580 3976 638 4030; x_wconf 86' lang='lat' dir='ltr'>fiir:</span> <span class='ocrx_word' id='word_1_314' title='bbox 671 3974 736 4031; x_wconf 88' lang='lat' dir='ltr'>‘und</span> <span class='ocrx_word' id='word_1_315' title='bbox 749 3981 835 4056; x_wconf 26' lang='lat' dir='ltr'>‘untcr</span> <span class='ocrx_word' id='word_1_316' title='bbox 859 3974 977 4030; x_wconf 78' lang='lat' dir='ltr'>anderen</span> <span class='ocrx_word' id='word_1_317' title='bbox 999 3973 1147 4028; x_wconf 81' lang='lat' dir='ltr'>chsnken</span> <span class='ocrx_word' id='word_1_318' title='bbox 1170 3972 1240 4052; x_wconf 73' lang='lat' dir='ltr'>auoir</span> 
     </span>
     <span class='ocr_line' id='line_1_36' title="bbox 80 4043 1240 4114; baseline -0.005 -14"><span class='ocrx_word' id='word_1_319' title='bbox 80 4045 121 4102; x_wconf 85' lang='lat' dir='ltr'>die</span> <span class='ocrx_word' id='word_1_320' title='bbox 140 4043 332 4114; x_wconf 83' lang='lat' dir='ltr'>Ueberlegung</span> <span class='ocrx_word' id='word_1_321' title='bbox 349 4043 432 4099; x_wconf 85' lang='lat' dir='ltr'>iiber&#39;.</span> <span class='ocrx_word' id='word_1_322' title='bbox 502 4063 674 4099; x_wconf 81' lang='lat' dir='ltr'>excessum</span> <span class='ocrx_word' id='word_1_323' title='bbox 693 4063 706 4099; x_wconf 89' lang='lat' dir='ltr'>e</span> <span class='ocrx_word' id='word_1_324' title='bbox 724 4049 810 4100; x_wconf 78' lang='lat' dir='ltr'>vita:</span> <span class='ocrx_word' id='word_1_325' title='bbox 836 4045 914 4100; x_wconf 80' lang='lat' dir='ltr'>Tusc.</span> <span class='ocrx_word' id='word_1_326' title='bbox 932 4046 948 4100; x_wconf 97' lang='grc' dir='ltr'><strong>Ι</strong></span> <span class='ocrx_word' id='word_1_327' title='bbox 966 4049 1007 4108; x_wconf 82' lang='grc'>12,</span> <span class='ocrx_word' id='word_1_328' title='bbox 1026 4046 1059 4097; x_wconf 77' lang='grc'>21</span> <span class='ocrx_word' id='word_1_329' title='bbox 1078 4060 1186 4096; x_wconf 84' lang='lat' dir='ltr'>excessu</span> <span class='ocrx_word' id='word_1_330' title='bbox 1203 4059 1240 4094; x_wconf 90' lang='lat' dir='ltr'>vr·</span> 
     </span>
     <span class='ocr_line' id='line_1_37' title="bbox 80 4113 1106 4194; baseline -0.004 -24"><span class='ocrx_word' id='word_1_331' title='bbox 80 4118 137 4184; x_wconf 83' lang='lat' dir='ltr'>tss;</span> <span class='ocrx_word' id='word_1_332' title='bbox 157 4134 174 4169; x_wconf 87' lang='lat' dir='ltr'><strong>v</strong></span> <span class='ocrx_word' id='word_1_333' title='bbox 193 4113 211 4167; x_wconf 89' lang='grc'>1</span> <span class='ocrx_word' id='word_1_334' title='bbox 230 4113 324 4168; x_wconf 88' lang='lat' dir='ltr'>defin.</span> <span class='ocrx_word' id='word_1_335' title='bbox 344 4113 369 4166; x_wconf 95' lang='lat' dir='ltr'>V</span> <span class='ocrx_word' id='word_1_336' title='bbox 388 4118 428 4175; x_wconf 89' lang='lat'>11,</span> <span class='ocrx_word' id='word_1_337' title='bbox 448 4117 480 4193; x_wconf 71' lang='lat'>332</span> <span class='ocrx_word' id='word_1_338' title='bbox 499 4113 653 4194; x_wconf 77' lang='lat' dir='ltr'>discessus</span> <span class='ocrx_word' id='word_1_339' title='bbox 672 4114 736 4168; x_wconf 89' lang='lat' dir='ltr'>suis.</span> <span class='ocrx_word' id='word_1_340' title='bbox 1101 4181 1106 4193; x_wconf 39' lang='grc' dir='ltr'>Ι</span> 
     </span>
    </p>

    <p class='ocr_par' dir='ltr' id='par_1_7' title="bbox 81 4134 1241 4392">
     <span class='ocr_line' id='line_1_38' title="bbox 151 4134 1240 4258; baseline -0.005 -22"><span class='ocrx_word' id='word_1_341' title='bbox 151 4134 200 4236; x_wconf 73' lang='lat' dir='ltr'>(IV.</span> <span class='ocrx_word' id='word_1_342' title='bbox 237 4182 323 4252; x_wconf 91' lang='lat' dir='ltr'>quod</span> <span class='ocrx_word' id='word_1_343' title='bbox 342 4199 438 4252; x_wconf 79' lang='lat' dir='ltr'>scope</span> <span class='ocrx_word' id='word_1_344' title='bbox 454 4201 521 4237; x_wconf 85' lang='lat' dir='ltr'>rum</span> <span class='ocrx_word' id='word_1_345' title='bbox 539 4182 668 4236; x_wconf 84' lang='lat' dir='ltr'>drotum</span> <span class='ocrx_word' id='word_1_346' title='bbox 687 4186 754 4238; x_wconf 85' lang='lat' dir='ltr'>est:</span> <span class='ocrx_word' id='word_1_347' title='bbox 774 4201 796 4237; x_wconf 89' lang='lat' dir='ltr'>e.</span> <span class='ocrx_word' id='word_1_348' title='bbox 815 4187 838 4246; x_wconf 87' lang='grc'>6,</span> <span class='ocrx_word' id='word_1_349' title='bbox 857 4187 899 4236; x_wconf 82' lang='grc'>21.</span> <span class='ocrx_word' id='word_1_350' title='bbox 918 4186 959 4234; x_wconf 78' lang='lat'>22.</span> <span class='ocrx_word' id='word_1_351' title='bbox 1080 4196 1165 4235; x_wconf 80' lang='lat' dir='ltr'>rimo</span> <span class='ocrx_word' id='word_1_352' title='bbox 1183 4196 1240 4258; x_wconf 72' lang='lat' dir='ltr'>qu·</span> 
     </span>
     <span class='ocr_line' id='line_1_39' title="bbox 81 4247 1240 4322; baseline -0.006 -16"><span class='ocrx_word' id='word_1_353' title='bbox 81 4257 147 4309; x_wconf 85' lang='lat' dir='ltr'>tem</span> <span class='ocrx_word' id='word_1_354' title='bbox 166 4251 229 4306; x_wconf 83' lang='lat' dir='ltr'>illo</span> <span class='ocrx_word' id='word_1_355' title='bbox 248 4255 408 4306; x_wconf 82' lang='lat' dir='ltr'>naturae:</span> <span class='ocrx_word' id='word_1_356' title='bbox 445 4251 614 4322; x_wconf 74' lang='lat' dir='ltr'>gewdhnlich</span> <span class='ocrx_word' id='word_1_357' title='bbox 632 4251 694 4306; x_wconf 89' lang='lat' dir='ltr'>sind</span> <span class='ocrx_word' id='word_1_358' title='bbox 712 4255 792 4306; x_wconf 86' lang='lat' dir='ltr'>unter</span> <span class='ocrx_word' id='word_1_359' title='bbox 817 4252 908 4306; x_wconf 86' lang='lat' dir='ltr'>diesen</span> <span class='ocrx_word' id='word_1_360' title='bbox 932 4253 1021 4305; x_wconf 86' lang='lat' dir='ltr'>ersten</span> <span class='ocrx_word' id='word_1_361' title='bbox 1068 4247 1240 4302; x_wconf 83' lang='lat' dir='ltr'>sturbcstrm-</span> 
     </span>
     <span class='ocr_line' id='line_1_40' title="bbox 81 4315 1241 4392; baseline -0.008 -15"><span class='ocrx_word' id='word_1_362' title='bbox 81 4339 202 4392; x_wconf 83' lang='lat' dir='ltr'>mungen</span> <span class='ocrx_word' id='word_1_363' title='bbox 220 4319 263 4374; x_wconf 86' lang='lat' dir='ltr'>die</span> <span class='ocrx_word' id='word_1_364' title='bbox 281 4319 399 4375; x_wconf 82' lang='lat' dir='ltr'>secunda</span> <span class='ocrx_word' id='word_1_365' title='bbox 417 4317 443 4374; x_wconf 89' lang='lat' dir='ltr'>d.</span> <span class='ocrx_word' id='word_1_366' title='bbox 462 4321 489 4374; x_wconf 86' lang='grc'>11.</span> <span class='ocrx_word' id='word_1_367' title='bbox 507 4319 551 4374; x_wconf 89' lang='lat' dir='ltr'>die</span> <span class='ocrx_word' id='word_1_368' title='bbox 568 4323 792 4390; x_wconf 74' lang='lat' dir='ltr'>naturgemtisscn</span> <span class='ocrx_word' id='word_1_369' title='bbox 809 4339 844 4374; x_wconf 85' lang='lat' dir='ltr'>zu</span> <span class='ocrx_word' id='word_1_370' title='bbox 866 4319 1025 4384; x_wconf 86' lang='lat' dir='ltr'>verstehsn,</span> <span class='ocrx_word' id='word_1_371' title='bbox 1052 4318 1110 4372; x_wconf 89' lang='lat' dir='ltr'>hier</span> <span class='ocrx_word' id='word_1_372' title='bbox 1136 4315 1241 4370; x_wconf 86' lang='lat' dir='ltr'>werden</span> 
     </span>
    </p>
   </div>
   <div class='ocr_carea' id='block_1_6' title="bbox 0 0 1476 4950">
    <p class='ocr_par' dir='ltr' id='par_1_8' title="bbox 0 0 1476 4950">
     <span class='ocr_line' id='line_1_41' title="bbox 0 0 1476 4950; baseline 0 2"><span class='ocrx_word' id='word_1_373' title='bbox 0 0 1476 4950; x_wconf 95' lang='lat' dir='ltr'> </span> 
     </span>
    </p>
   </div>
  </div>
 </body>
</html>
