2942 4950
253 330 314 393 192
487 325 537 379 Dll
555 322 707 382 FINIBUS
727 316 912 377 BONORUM
929 321 976 375 ET
994 319 1182 375 matonam

251 498 414 575 siderare,
449 494 537 581 quod
568 493 632 558 iter
664 493 710 558 sit
740 497 877 556 naturae
910 513 1058 575 quaeque
1088 489 1282 575 progressio.
1321 488 1385 550 Non
1437 511 1438 518 ι

252 599 349 679 enim,
375 596 462 682 quod
485 596 567 662 feeit
589 596 624 659 in
646 595 810 678 frugibus,
836 601 884 672 ut,
911 614 986 658 oum
1009 595 1051 658 ad
1074 593 1197 678 spinam
1219 589 1386 676 perduxerit

252 702 293 766 ab
313 701 426 779 herbe,
451 699 618 782 relinquat
641 703 675 761 et
697 717 756 781 pro
779 695 884 760 nihilo
908 696 1032 761 hebeat
1055 695 1202 773 herbum,
1225 692 1307 756 idem
1321 689 1386 753 lauit

251 801 446 880 innomine,
472 823 546 864 oum
562 821 637 865 eum
657 799 701 863 ad
722 797 859 862 rationis
877 797 1026 861 habitum
1042 795 1243 882 perduxerit.
1273 796 1387 876 Semper
1438 795 1439 804 ’

253 906 341 973 enim
363 906 411 970 ite
434 903 574 970 assumit
596 901 733 986 aliquid,
759 908 797 965 ut
813 923 862 980 ea,
888 922 972 985 quae
990 900 1096 986 prima
1112 899 1249 977 dederit,
1271 919 1330 964 non
1343 897 1386 958 de·

253 1015 353 1076 serat.
400 1006 465 1094 (38)
489 1007 609 1090 Itaque
625 1005 776 1071 sensibus
799 1004 962 1070 rationem
985 1003 1137 1070 adiunxit
1160 1010 1195 1068 et
1216 1002 1332 1068 ratione
1352 999 1387 1062 el·

254 1113 344 1178 feota
367 1131 484 1175 seusus
506 1130 574 1172 non
596 1107 743 1191 reliquit.
788 1106 837 1169 Ut
859 1107 888 1170 si
911 1108 1041 1171 cultura
1063 1105 1200 1184 vitium,
1234 1103 1319 1168 euius
1339 1103 1387 1164 hoa

253 1235 373 1278 munus
397 1215 467 1290 est,
500 1216 539 1273 ut
562 1209 688 1276 efficiat
709 1216 749 1273 ut
770 1209 850 1273 vitis
874 1231 949 1274 eum
981 1209 1133 1274 omuibus
1165 1207 1309 1294 partibus
1336 1203 1388 1268 suis

254 1337 353 1399 quam
375 1313 500 1398 optime
525 1312 708 1384 se.hsbeat
723 1350 776 1390 -,
802 1312 861 1376 sed
884 1312 931 1375 sio
947 1311 1197 1396 intellegamus,
1220 1309 1297 1374 lieet
1309 1305 1387 1381 enim,

253 1424 292 1482 ut
314 1439 374 1482 vos
398 1437 528 1500 quoque
552 1414 679 1494 soletis,
705 1415 830 1498 fingere
856 1414 983 1498 aliquid
1006 1415 1148 1480 docendi
1171 1435 1267 1478 eausa
1287 1433 1337 1471 -t
1368 1406 1389 1469 si

254 1517 358 1603 igitur
379 1517 438 1582 illa
461 1518 590 1582 cultura
613 1517 731 1582 vitium
753 1517 788 1580 in
811 1517 879 1582 vite
903 1517 984 1581 insit
1015 1517 1107 1602 ipsa,
1142 1524 1270 1594 oetera,
1300 1509 1387 1586 eredo,
1440 1529 1441 1572 ι

255 1621 349 1702 velit,
374 1643 456 1706 quae
480 1621 522 1686 ed
546 1621 721 1688 colendam
742 1621 847 1686 vitem
870 1621 1064 1685 attinebunt
1074 1670 1085 1701 ,
1119 1621 1207 1685 siout
1229 1625 1336 1694 autea,
1362 1633 1387 1674 se
1440 1635 1441 1638 ’

256 1731 368 1790 eutem
392 1724 545 1792 omnibus
568 1724 646 1788 vitis
668 1723 820 1808 partibus
843 1724 1011 1809 praeferat
1034 1731 1228 1808 statuatque
1244 1721 1320 1787 nihil
1333 1736 1387 1782 esse

255 1828 375 1894 melius
397 1829 432 1892 in
453 1829 523 1894 vite
547 1851 645 1914 quam
668 1850 718 1892 se:
759 1827 912 1892 similiter
936 1849 1052 1893 sensus
1062 1877 1072 1908 ,
1107 1851 1183 1894 oum
1215 1817 1388 1891 necessitati

256 1937 420 2011 naturam,
444 1938 559 1996 tuetur
581 1931 674 1996 illam
697 1929 841 2015 quidem,
866 1931 925 1996 sed
948 1931 1049 1995 etiam
1072 1936 1248 2008 soluetur,
1271 1943 1387 1991 eumau-
1441 1971 1442 2002 .

257 2041 326 2102 tem
342 2041 513 2119 assumpta
528 2040 580 2098 est
595 2033 692 2114 ratio,
716 2040 812 2098 tanto
836 2033 871 2100 in
894 2033 1067 2098 dominatu
1089 2034 1231 2112 locatur,
1254 2035 1290 2094 ut
1303 2021 1386 2092 omnia

256 2138 316 2203 illa
346 2137 452 2223 prima
483 2145 621 2203 naturae
649 2138 747 2203 huius
779 2138 908 2202 tutelae
940 2136 1159 2202 subiciantur.
1205 2134 1268 2220 (39)
1297 2132 1388 2210 Imque

257 2263 325 2306 non
347 2240 489 2306 discedit
520 2241 561 2304 ab
594 2263 706 2306 eorum
739 2241 929 2320 curatione,
962 2240 1082 2324 quibus
1106 2238 1291 2326 praeposita
1309 2231 1389 2295 vitam
1442 2297 1443 2318 2

259 2365 389 2409 omnem
413 2344 514 2408 debet
536 2344 742 2428 gubernare,
766 2350 805 2407 ut
828 2343 938 2407 mirari
961 2343 1043 2406 satis
1066 2343 1209 2408 istorum
1230 2339 1389 2404 inoomtan·
1442 2335 1443 2340 ’

257 2446 340 2512 tiam
363 2469 430 2511 non
452 2446 589 2533 possim.
635 2447 834 2512 Naturalem
857 2447 945 2511 enim
968 2446 1218 2530 appetitionem,
1243 2461 1331 2527 quam
1348 2454 1390 2497 v0·

260 2556 338 2614 eant
360 2548 488 2634 ὁρμήν,
511 2549 658 2634 itemque
682 2549 844 2627 offitium,
868 2549 974 2633 ipsam
997 2549 1099 2613 etiam
1120 2549 1278 2614 virtutem
1298 2541 1391 2606 volunt

260 2673 332 2716 esse
356 2673 467 2717 earum
489 2674 610 2732 rerum,
635 2673 719 2736 quae
742 2651 924 2716 seeundum
946 2657 1099 2717 naturam
1122 2658 1213 2718 sunt.
1258 2649 1333 2712 Cum
1351 2661 1391 2704 ²¹1·

259 2762 330 2818 tem
353 2754 395 2818 ad
418 2776 584 2818 summum
606 2755 732 2818 bonum
755 2754 875 2818 volunt
897 2754 1079 2839 pervenire,
1103 2752 1294 2820 transiliunt
1308 2741 1392 2811 omniu
1443 2767 1444 2792 ι

260 2862 294 2922 et
316 2857 381 2921 duo
405 2857 502 2923 nobis
526 2879 624 2941 opera
645 2879 704 2942 pro
729 2879 794 2921 uno
826 2857 1040 2940 relinquunt,
1073 2867 1113 2922 ut
1148 2858 1213 2923 elia
1242 2866 1390 2919 sumamus,

260 2960 324 3024 alia
347 2969 560 3044 expetamus,
594 2961 828 3044 potiusquam
851 2982 916 3024 uno
940 2961 1005 3025 fine
1040 2967 1215 3046 utrumque
1246 2948 1392 3023 eonolude·

259 3069 346 3128 rent.

259 3235 312 3272 von
330 3217 378 3272 der
396 3217 530 3273 Weisheit
546 3216 682 3272 vollendet
699 3217 775 3272 wird.
846 3217 933 3289 quod
950 3218 1017 3273 iter
1035 3218 1084 3273 sit
1102 3220 1248 3273 naturae
1264 3219 1393 3286 pregre&

259 3287 309 3342 sio
329 3286 382 3341 ‘die
400 3305 431 3341 or
450 3287 561 3341 anisohe
578 3285 790 3369 Illntwiekelung
807 3286 855 3342 der
872 3285 901 3341 N
903 3288 982 3351 atur’,
999 3286 1028 3341 N
1031 3289 1042 3300 ''
1065 3286 1130 3341 eleb.
1152 3293 1209 3350 114,
1228 3289 1251 3338 2.

328 3355 380 3410 38.
447 3359 460 3410 1
487 3356 517 3410 ei
543 3356 683 3410 cultura
710 3356 838 3410 vitium
865 3359 915 3410 ato.
951 3355 1047 3411 Daseel
1067 3372 1080 3408 e
1103 3355 1254 3411 Gleiohniss
1303 3339 1394 3423 brsslllhi
1443 3377 1444 3384 ι

259 3424 325 3478 Piso
344 3425 369 3477 V
389 3429 430 3489 14,
448 3428 491 3478 39.
509 3428 551 3479 40.
588 3424 644 3479 Cio.
663 3424 743 3478 fiihrt
761 3423 883 3479 desselbs
900 3442 972 3479 zwar
990 3425 1043 3479 mit
1059 3427 1092 3479 ut
1110 3424 1163 3489 ein,
1181 3423 1249 3478 ltset
1265 3439 1281 3474 a
1298 3434 1323 3472 er
1337 3407 1395 3466 molt

260 3494 310 3547 das
324 3492 644 3565 correspondierenrlesio
656 3492 757 3563 fulgen,
778 3493 894 3548 sondern
912 3493 1010 3548 tndert
1028 3493 1097 3548 naoh
1116 3483 1395 3596 ainerUnterlmwhssflf

261 3561 304 3616 die
321 3560 396 3616 Reda
415 3561 452 3630 (si
469 3562 556 3633 igitur
574 3562 620 3616 illa
639 3565 673 3616 st.
692 3564 725 3616 ut
742 3562 830 3634 igitur
847 3561 901 3625 illu,
920 3563 973 3626 ei),
1002 3562 1076 3617 donn
1101 3561 1171 3617 liisst
1189 3579 1217 3616 er
1234 3556 1347 3614 similiter
1361 3547 1394 3635 1⁴⁰²·

260 3630 484 3754 3⁰¹¹‘39⁸⁰d·⁸i⁰
502 3631 751 3754 intellegemps
770 3631 849 3755 ‘poth
862 3631 1018 3756 wirduolllen
1030 3649 1082 3685 une
1094 3630 1138 3686 die
1149 3631 1239 3752 Saepe
1253 3645 1287 3752 spr
1298 3619 1395 3747 118θᾶ1,ιίξὲ

371 3733 382 3753 .
418 3719 447 3754 is
473 3718 565 3755 orum
591 3718 709 3754 ruoous
734 3719 881 3762 anmm,
928 3719 952 3754 re
994 3719 1064 3754 neon
1111 3719 1179 3756 uena
1217 3716 1260 3754 ern
1390 3721 1395 3740 ‚

262 3785 284 3822 e.
303 3773 344 3831 11,
363 3773 396 3821 26
414 3771 474 3839 Age
492 3788 565 3824 nune
582 3769 632 3824 isti
650 3767 772 3824 doceant.
793 3773 833 3834 15,
844 3773 876 3821 42
895 3769 934 3823 sio
952 3770 1001 3824 isti
1023 3793 1047 3816 ·-·-
1065 3718 1111 3824 seii}
1128 3768 1215 3824 Stoioi
1230 3765 1280 3820 tui.
1303 3761 1395 3842 ‘ipsam

261 3816 1396 3907 virtutemvoluntesseearumrerum.NaohderAnsiehtdertouqrsoll

262 3904 312 3958 dee
330 3906 484 3962 natiirliohe
495 3908 822 3978 Begehrungsvermtgon
859 3908 867 3927 ‘
887 3909 939 3990 μ’)
958 3928 992 3965 uu
1010 3907 1063 3962 den
1080 3909 1300 3981 naturgem'essen
1311 3899 1396 3976 nuga

260 3973 393 4096 §ahimam
407 3975 530 4046 uugleioh
549 3977 598 4032 soll
615 3977 675 4032 sich
693 3977 764 4031 eueh
782 3977 825 4032 die
867 3928 945 4032 iieirt
970 3976 1027 4032 und
1054 3975 1098 4031 die
1124 3973 1237 4046 'fugend
1262 3971 1310 4025 ιιιι1
1332 3963 1396 4018 1111θῦ

279 4043 457 4115 eroheftigen.
493 4045 548 4100 cic.
566 4046 617 4100 hat
634 4045 682 4100 der
699 4045 792 4101 Kiirze
810 4046 905 4102 halben
922 4045 974 4101 den
992 4046 1059 4102 Gon.
1077 4063 1170 4100 earum
1187 4061 1287 4104 rerum,
1312 4035 1351 4089 def
1372 4041 1397 4105 lu

261 4112 461 4183 appetitionem
498 4117 564 4178 aest,
584 4115 655 4169 auch
673 4133 708 4169 zu
726 4115 842 4171 officium
862 4115 920 4171 und
937 4116 1070 4170 virtutem
1087 4114 1213 4186 bezogen.
1295 4109 1330 4160 ui
1345 4097 1396 4153 ³¹¹⁸

260 4200 449 4247 sumamus,
467 4134 536 4239 aiio
554 4188 763 4254 expetamus.
799 4185 852 4239 Die
870 4184 981 4242 Stoiker
997 4184 1110 4249 lehrten,
1130 4183 1192 4239 dass
1211 4180 1254 4235 die
1272 4171 1395 4240 tompore

261 4251 388 4319 geuthlt,
407 4252 450 4306 die
468 4253 583 4323 Tugeud
601 4252 666 4307 eber
684 4253 804 4308 erstrebt
823 4253 930 4309 werden
948 4257 1046 4309 miisse.
1184 4243 1385 4306 oonoluderen

262 4319 368 4375 ‘larun
386 4323 635 4378 zusammenfaseen
653 4321 753 4377 sollen'.
