2942 4950
398 288 460 345 ms.
478 290 512 344 v.
547 289 613 346 em.
631 291 744 346 x-xr.
780 294 808 359 §5
828 296 938 347 28-31.
1187 296 1250 360 235

98 457 184 542 queri
205 460 341 540 vellent,
367 483 428 526 nee
451 484 528 526 vero
553 483 624 526 sese
647 461 710 547 ipsi
733 469 927 529 accusarent
950 464 992 527 eb
1016 484 1089 528 eam
1105 485 1248 544 eausam,

97 561 180 644 quod
201 585 236 626 se
259 565 345 628 male
368 565 436 629 suis
458 566 557 630 rebus
582 565 787 630 eonsuluisse
819 565 985 642 dieerent;
1020 587 1133 630 eorum
1164 567 1251 632 enim

97 669 143 728 est
164 665 244 730 haee
267 667 412 752 querela,
437 668 494 752 qui
516 667 579 732 sibi
604 666 671 732 eari
691 673 770 732 sunt
785 689 923 752 seseque
940 667 1098 752 diligunt.
1129 669 1251 750 Quare,

96 769 386 854 quotienscumque
410 769 539 835 dicetur
560 770 646 835 male
670 769 743 855 quis
767 770 807 836 de
832 791 866 834 se
900 769 1032 854 mereri·
1049 769 1178 855 sibique
1201 771 1251 835 in-

95 866 204 934 imicus
228 893 301 936 esse
325 879 425 955 atque
448 871 567 951 hostis,
592 872 696 936 vitam
719 872 860 956 denique
882 871 1010 956 fugere,
1034 871 1253 956 intellegatur

95 970 232 1056 aliquam
255 974 392 1039 subesse
417 975 486 1038 eius
510 974 600 1038 modi
623 996 771 1053 eausam,
804 981 842 1038 ut
870 995 910 1038 ex
938 996 976 1038 eo
1004 974 1075 1060 ipso
1099 974 1253 1059 intellegi

94 1075 194 1156 possit
217 1075 282 1140 sibi
305 1098 468 1163 quemque
492 1099 564 1142 esse
587 1099 711 1142 earum.
744 1074 811 1161 (30)
834 1077 908 1142 Nee
932 1099 1009 1142 vero
1033 1077 1067 1142 id
1090 1077 1171 1142 satis
1188 1084 1250 1157 est,

94 1179 255 1242 neminem
278 1201 350 1244 esse
374 1179 429 1264 qui
451 1180 521 1265 ipse
538 1200 572 1244 se
589 1179 707 1258 oderit,
732 1179 791 1244 sed
807 1179 892 1244 illud
908 1202 1038 1264 quoque
1054 1179 1252 1265 intellegen-

95 1280 169 1346 dum
191 1287 253 1361 est,
279 1281 444 1350 neminem
468 1304 540 1347 esse
565 1283 631 1366 qui,
656 1305 720 1366 quo
743 1283 841 1348 modo
866 1304 901 1346 se
924 1284 1063 1362 habeat,
1087 1283 1171 1348 nihil
1194 1305 1254 1348 sua

95 1393 225 1449 censeat
247 1385 420 1451 interesse.
466 1386 618 1450 Tolletur
640 1384 728 1450 enim
750 1386 917 1470 appetitus
941 1387 1058 1468 animi,
1090 1387 1134 1466 si,
1159 1386 1254 1451 utin

94 1486 132 1550 iis
153 1491 267 1569 rebus,
296 1489 384 1553 inter
407 1512 487 1575 quas
510 1489 593 1554 nihil
615 1489 773 1568 interest,
798 1497 950 1554 neutram
972 1490 1006 1554 in
1028 1495 1157 1576 partem
1179 1512 1253 1577 pro-

93 1591 257 1674 pensiores
281 1615 411 1672 sumus,
443 1593 525 1658 item
553 1592 592 1658 in
610 1593 779 1658 nobismet
800 1592 898 1678 ipsis,
932 1616 1030 1679 quem
1054 1594 1255 1659 admodum

95 1694 202 1759 affeoti
226 1695 340 1773 simus,
364 1695 449 1760 nihil
463 1700 577 1761 nostra
593 1694 828 1761 arbitrabimur
844 1695 1017 1762 interesse.
1051 1697 1115 1762 XI.
1140 1699 1254 1780 Atque

94 1795 191 1862 etism
214 1797 315 1876 illud,
348 1797 455 1883 siqui
478 1797 587 1863 dioere
615 1798 713 1878 velit,
746 1800 985 1884 perabsurdum
1009 1799 1064 1879 sit,
1088 1799 1136 1864 ita
1161 1798 1255 1883 diligi

95 1921 112 1962 e
133 1922 205 1965 sese
229 1921 404 1986 quemque,
427 1909 466 1964 ut
489 1922 527 1966 ea
550 1902 599 1965 vis
623 1900 786 1986 diligendi
806 1903 848 1966 ad
863 1902 961 1966 aliam
976 1924 1047 1967 rem
1065 1900 1254 1986 quampiam

93 2003 263 2082 referatur,
289 2027 356 2068 non
379 2003 421 2068 erl
444 2025 520 2068 eum
541 2003 661 2088 ipsum,
686 2005 742 2088 qui
766 2026 838 2069 sese
861 2005 992 2090 diligat.
1038 2004 1112 2069 Hoe
1129 2026 1204 2068 eum
1218 2003 1254 2067 in

93 2103 258 2184 amicitiis
283 2126 358 2169 oum
373 2105 408 2169 in
423 2104 553 2185 officiis,
578 2127 653 2170 eum
667 2103 703 2169 in
718 2105 899 2171 virtutibus
916 2107 1047 2185 dieitur,
1073 2104 1253 2191 quomodo-

94 2230 232 2293 eumque
256 2207 394 2288 dieitur,
426 2208 581 2294 intellegi
607 2216 737 2288 tamen,
771 2209 849 2294 quid
881 2210 1027 2290 dicatur,
1059 2213 1186 2295 potest,
1219 2208 1254 2274 in

91 2312 259 2378 nobismet
281 2311 361 2397 ipsis
385 2317 495 2377 autem
518 2334 556 2376 ne
578 2312 733 2397 intellegi
756 2311 905 2397 quidem,
939 2320 974 2377 ut
996 2320 1131 2398 propter
1155 2299 1250 2376 aliam

91 2417 279 2502 quampiam
293 2436 374 2494 rem,
391 2415 485 2480 verbi
500 2415 609 2500 gratia
623 2421 759 2500 propter
774 2416 991 2500 voluptatem,
1007 2438 1069 2480 nos
1086 2409 1250 2493 amemus3

90 2525 226 2604 propter
249 2541 309 2582 nos
333 2517 420 2582 enim
441 2517 551 2596 illam,
585 2540 652 2583 non
678 2524 814 2602 propter
842 2539 913 2584 eam
936 2518 1180 2603 nosmetipsos
1204 2517 1252 2582 di-

89 2621 237 2708 ligimus.
283 2619 342 2706 (31)
367 2620 579 2706 Quamquam
600 2619 680 2704 quid
702 2627 769 2699 est,
801 2621 889 2706 qued
913 2621 1020 2706 magis
1042 2621 1252 2708 perspicuum

90 2725 135 2789 sit
157 2747 247 2810 qaam
270 2747 333 2788 non
355 2717 454 2788 mod'o
479 2745 590 2788 earum
614 2722 678 2787 sibi
701 2745 875 2808 quemque,
900 2746 1014 2790 verum
1037 2725 1138 2788 etiam
1153 2726 1252 2788 vehe-

90 2832 220 2892 menter
243 2848 353 2892 earum
377 2832 468 2895 esse?
498 2827 571 2911 quis
595 2833 647 2891 est
670 2827 758 2891 enim
780 2835 838 2892 aut
862 2834 982 2912 quotus
1007 2828 1162 2914 quisque,
1190 2827 1253 2907 eui,

90 2952 180 2995 mors
207 2951 282 2994 eum
305 2928 558 3018 appropinquet,
583 2951 648 2994 non
1045 2991 1048 2994 .

119 3033 304 3117 refugiat
325 3032 470 3097 timido
494 3052 670 3115 sanguen
695 3030 814 3114 itque
839 3030 1074 3095 exalbescat
1097 3033 1229 3095 metu?
1269 3034 1276 3041 '

11 3237 12 3240 Ἴ
93 3259 171 3312 sant
188 3261 240 3312 eto.
274 3256 363 3310 Wenn
381 3253 454 3310 disse
471 3253 594 3310 wirklieh
612 3250 714 3308 Feinde
732 3249 805 3306 iliter
822 3251 845 3306 ei
885 3268 919 3305 en
929 3251 1033 3305 Person
1050 3253 1140 3306 witren
1158 3249 1258 3331 (uofur

92 3343 160 3381 man
171 3325 216 3408 ”sie
233 3324 402 3408 gewbhnlioh
420 3323 490 3390 hele)
509 3323 567 3378 und
585 3321 644 3376 sieh
662 3321 746 3383 selbst
763 3319 815 3374 den
830 3393 841 3404 ..
861 3320 919 3390 rieg
937 3319 1127 3442 angplkimdiglt
1146 3319 1257 3442 iiiiii

94 3393 256 3518 :poffiqlpp
267 3411 316 3518 aiios
329 3389 795 3517 lllleiigrlleeriiuialieiu'liriiricilbsib
808 3389 921 3513 uasiiilrzlu
939 3407 993 3522 ppt,
1012 3404 1133 3511 {brimus
1150 3456 1197 3510 iiir
1214 3455 1258 3509 ihr

93 3531 178 3587 Wohl
194 3530 353 3656 bbelqesor
402 3530 508 3585 hatten.
621 3528 910 3651 inimiousetque
952 3523 1258 3588 ostis‚dererlrltrts

92 3599 264 3683 persiinliolre
299 3600 343 3655 ein
362 3641 370 3664 ‚
388 3599 506 3654 dersioh
520 3598 698 3662 selbsthasst‚
716 3595 774 3652 und
792 3596 840 3652 der
876 3595 946 3658 sind,
966 3594 1014 3649 der
1031 3594 1089 3648 sloh
1108 3592 1160 3648 den
1171 3591 1258 3663 Krieg

95 3667 290 3794 ang⁹ibi¹d¹ii
304 3669 362 3792 iii
376 3735 546 3818 niligenas
564 3735 644 3791 ease
662 3733 762 3789 ureae.
789 3733 847 3788 na
864 3729 1087 3788 emanationes
1105 3728 1198 3784 subse.
1216 3728 1257 3784 va

92 3809 194 3863 ersetut
211 3806 264 3862 <len
279 3806 380 3877 grieeh.
398 3805 516 3860 Artrkelz
534 3804 565 3859 H
583 3809 607 3869 6,
627 3807 659 3858 12
677 3821 785 3858 omnem
802 3803 859 3857 vim
877 3798 1026 3872 eloquendi.
1045 3799 1070 3853 V
1088 3802 1130 3863 26,
1149 3802 1183 3852 76
1199 3816 1257 3879 per·

93 3878 119 3932 ei
138 3874 213 3931 iendi
230 3876 272 3930 vis
289 3876 330 3930 ita
348 3874 477 3930 delinitur
493 3893 510 3928 a
528 3873 636 3929 Stoieis.
654 3871 717 3942 Vgl.
734 3891 769 3926 zu
785 3871 816 3926 Π
833 3875 875 3936 32,
894 3873 944 3924 106
962 3887 1073 3924 oausam
1091 3866 1257 3948 paenitendu

125 3949 137 3960 ''
161 3944 339 4009 elsb.3,2d.
456 3940 678 4012 neintellegi
717 3939 831 3995 uidem
849 3941 962 4010 (potest)
980 3941 1120 3993 ut=ne
1137 3935 1259 4006 intellegi

95 4015 325 4152 lllllgllll‘l
341 4010 678 4136 lllrtllslslll·
718 4007 1258 4142 a3³etl⁸oltsstlttl⁰llot1

94 4153 151 4208 lieh
168 4151 315 4223 gewithltes
334 4150 467 4206 einzelnes
485 4147 603 4220 Beispiel
620 4165 669 4204 zur
682 4118 975 4216 ’Veransehauliolmn’g
992 4141 1259 4224 einestallgemeinen

95 4221 185 4278 Falles
202 4221 254 4275 ein.
289 4238 327 4274 or.
345 4239 371 4291 p.
389 4217 449 4274 Mil.
468 4221 509 4281 22,
528 4221 562 4272 60
579 4218 638 4288 Age
656 4234 727 4280 vero,
745 4233 814 4285 quae
841 4218 901 4270 erat
928 4217 977 4269 aut
1004 4213 1091 4283 quana
1136 4213 1259 4266 uaestrol’

97 4290 183 4346 ‘Heus
201 4293 241 4354 tu,
259 4289 356 4354 Rufio',
374 4287 452 4343 verbi
469 4305 551 4342 eausa
578 4289 638 4355 (um
656 4285 748 4340 diesen
765 4283 875 4339 Numen
892 4302 926 4338 zu
943 4285 1070 4348 nennen).
1135 4297 1174 4350 ep.
1193 4278 1257 4350 Lys.
