2942 4950
209 311 271 374 150
443 305 494 362 De
512 305 664 360 FINIBUS
683 302 867 358 BONORUM
886 303 932 357 ET
950 301 1140 358 MALORUM

206 479 295 565 poris
319 477 577 542 commodorum.
625 474 695 560 (44)
728 474 873 552 Etenim,
898 475 926 538 si
948 479 983 537 et
1005 494 1119 558 sapere
1143 469 1370 555 expetendum

206 582 251 646 eit
273 587 308 644 et
329 579 440 644 valere
450 628 459 658 ,
494 578 708 644 coniunctum
737 585 915 660 utrumque
947 575 1052 660 magis
1077 574 1299 660 expetendum
1320 573 1371 636 sit

207 705 305 767 quam
328 703 443 767 sapere
465 683 585 760 solum,
609 702 716 764 neque
738 687 871 758 tamen,
896 679 925 742 si
946 686 1123 762 utrumque
1147 677 1191 742 sit
1213 675 1370 741 aestima·
1467 727 1468 772 3

205 786 297 850 tione
322 786 469 869 dignum,
495 785 599 869 pluris
622 783 667 848 sit
690 784 904 848 coniunctum
926 805 1025 867 quam
1048 803 1162 866 sapere
1185 783 1295 867 ipsum
1315 802 1370 845 se·
1467 773 1468 786 ¹

206 886 358 973 paratim.
405 888 495 952 Nam
518 886 574 972 qui
596 886 823 950 valetudinem
845 883 1075 950 aestimatione
1099 885 1209 968 aliqua
1232 883 1371 968 dignum

205 989 390 1056 iudicamus
413 1009 519 1072 neque
543 1010 616 1052 eam
637 992 750 1052 tamen
773 986 926 1052 inbonis
949 985 1113 1070 ponimus,
1137 985 1237 1050 iidem
1254 1007 1370 1050 cense-

206 1116 280 1157 mus
302 1093 430 1157 nullam
452 1111 524 1156 esse
546 1097 678 1156 tantam
700 1090 986 1167 aestimationem,
1012 1095 1050 1152 ut
1074 1113 1112 1154 ea
1133 1088 1253 1153 virtuti
1275 1095 1370 1154 aute·

206 1203 358 1282 ponatur.
407 1195 505 1262 Quod
528 1194 617 1260 idem
632 1193 847 1279 Peripatetici
869 1216 935 1258 non
956 1199 1090 1257 tenent:
1116 1193 1236 1276 quibus
1256 1191 1370 1257 dicen·
1468 1259 1469 1274 1

208 1298 288 1362 dum
311 1303 374 1376 est,
399 1318 481 1380 quae
505 1304 540 1361 et
562 1295 703 1362 honesta
726 1297 814 1361 actio
834 1297 878 1360 sit
902 1301 936 1359 et
958 1295 1028 1358 sine
1053 1295 1177 1374 dolore,
1202 1316 1277 1360 eam
1299 1317 1370 1360 ma·
1468 1289 1469 1328 ³

208 1402 259 1486 gis
283 1422 355 1464 esse
379 1400 609 1486 expetendam,
634 1423 733 1484 quam
755 1401 784 1464 si
806 1405 895 1464 esset
911 1400 1027 1464 eadem
1042 1399 1129 1464 actio
1146 1421 1222 1463 cum
1239 1400 1368 1463 dolore.
1468 1407 1469 1410 ’

207 1503 316 1568 Nobis
339 1503 437 1568 aliter
458 1503 606 1570 videtur:
631 1509 722 1568 recte
745 1524 883 1568 secusne
907 1502 1118 1587 postea,'sed
1139 1508 1295 1587 potestne
1318 1523 1370 1567 re-

207 1628 281 1670 rum
303 1606 408 1671 maior
430 1627 501 1672 esse
525 1606 708 1674 dissensio?
760 1605 855 1670 XIV.
890 1603 957 1688 (411)
990 1603 1038 1667 Ut
1061 1604 1149 1670 enim
1172 1606 1372 1670 obscuratur

208 1713 243 1772 et
267 1706 448 1772 offunditur
470 1708 543 1772 luce
567 1709 646 1773 solis
669 1709 781 1771 lumen
804 1706 959 1772 lucernae
983 1713 1017 1772 et
1039 1711 1078 1770 ut
1100 1707 1214 1770 interit
1236 1707 1270 1770 in
1298 1729 1371 1771 ma·

207 1807 382 1892 gnitudine
406 1809 504 1874 maris
528 1810 656 1894 Aegaei
677 1809 770 1873 stilla
792 1808 900 1873 mellis
923 1815 959 1873 et
981 1813 1019 1871 ut
1041 1807 1077 1871 in
1105 1808 1230 1872 divitiis
1254 1808 1373 1872 Croesi

208 1910 347 1974 teruncii
370 1910 515 1975 accessio
539 1917 574 1975 et
596 1910 719 1994 gradus
742 1932 827 1974 unus
850 1909 885 1974 in
908 1931 947 1974 ea
969 1908 1033 1989 via,
1059 1930 1142 1993 quae
1166 1917 1218 1973 est
1241 1910 1320 1974 hinc
1336 1911 1372 1974 in

208 2013 350 2092 Indiam,
375 2015 443 2092 sic,
469 2037 545 2078 cum
567 2015 661 2078 sitis
684 2014 846 2079 bonorum
869 2015 964 2092 finis,
990 2036 1087 2097 quem
1112 2013 1217 2078 Stoici
1239 2014 1370 2094 dicunt,

209 2116 315 2180 omnis
338 2117 404 2182 ista
426 2139 535 2182 rerum
558 2137 788 2202 corporearum
810 2115 996 2181 aestimatio
1025 2117 1200 2201 splendore
1232 2117 1373 2183 virtutis

210 2226 245 2282 et
267 2221 497 2304 magnitudine
520 2220 716 2285 obscuretur
732 2227 767 2285 et
783 2221 942 2285 obruatur
957 2227 1057 2304 atque
1072 2220 1216 2285 intereat
1230 2242 1373 2287 necesse
1469 2279 1470 2306 2

209 2330 273 2385 est.
319 2323 365 2385 Et
388 2323 550 2406 quemad
573 2324 709 2388 modum
732 2323 962 2408 opportunitas
978 2361 1019 2371 -
1041 2323 1089 2386 sic
1113 2321 1200 2388 enim
1222 2325 1373 2408 appelle·
1469 2307 1470 2366 i

208 2446 281 2488 mus
304 2422 475 2511 εὐκαιρίαν
498 2463 539 2472 -
562 2447 629 2489 non
651 2425 691 2488 fit
714 2425 818 2489 maior
839 2425 1056 2509 productione
1079 2426 1238 2508 temporis
1254 2463 1295 2473 -—
1309 2428 1375 2491 ha-

208 2525 290 2588 bent
314 2523 400 2588 enim
424 2548 520 2590 suum
550 2526 686 2590 modum
718 2548 801 2610 quae
833 2532 1017 2612 opportuna
1050 2525 1205 2591 dicuntur
1227 2565 1287 2607 -,
1322 2528 1374 2592 sie

209 2633 302 2689 recta
325 2627 454 2692 effectio
472 2666 513 2676 -
528 2627 756 2713 κατόρθωσιν
779 2628 865 2692 enim
888 2628 936 2691 ita
959 2630 1101 2714 appello,
1123 2630 1278 2714 qnoniam
1298 2651 1375 2695 rec·

208 2735 282 2790 tum
304 2728 430 2792 factum
453 2727 670 2814 κατόρθωμα
692 2768 755 2805 -,
779 2735 870 2794 reeta
893 2730 997 2814 igitur
1020 2731 1162 2810 effectio,
1186 2732 1269 2796 item
1291 2753 1375 2796 con-

208 2829 385 2909 venientia,
411 2830 551 2915 denique
574 2833 682 2916 ipsum
705 2833 840 2912 bonum,
865 2829 953 2917 quod
975 2833 1011 2896 in
1033 2855 1072 2898 eo
1095 2834 1241 2918 positum
1264 2841 1315 2899 est
1332 2844 1376 2900 ut

278 3050 328 3104 44.
365 3053 500 3109 Etenim
526 3073 575 3108 zur
601 3055 779 3126 Einfuhrung
804 3055 876 3110 eines
903 3074 990 3111 neuen
1007 3057 1138 3111 Beweises
1160 3057 1207 3112 fiir
1225 3057 1373 3114 desselben

180 3193 185 3198 ι
210 3120 282 3174 Satz.
365 3120 394 3174 si
412 3126 446 3176 et
464 3141 580 3193 sapere
599 3125 824 3195 expetendum
843 3125 891 3179 sit
908 3129 960 3181 etc.
979 3125 1027 3180 wie
1046 3125 1089 3181 die
1106 3125 1306 3196 Peripatetiker
1322 3145 1374 3181 an-

210 3189 334 3252 nahmen,
353 3188 424 3245 deun
442 3192 511 3246 nach
531 3192 577 3248 der
594 3194 712 3248 Ansicht
729 3193 777 3247 der
794 3193 903 3248 Stoiker
920 3195 958 3248 ist
976 3193 1019 3248 die
1037 3193 1208 3249 Gesnndheit
1231 3195 1309 3249 nicht
1335 3215 1375 3252 zu

210 3258 353 3323 austreben,
371 3259 488 3315 sondern
506 3280 541 3315 zu
559 3261 670 3327 wihlen,
688 3262 744 3317 und
763 3262 882 3318 obschon
900 3263 1002 3318 sowohl
1019 3261 1063 3316 die
1080 3263 1228 3327 Weisheit‚
1255 3263 1314 3319 weil
1332 3265 1375 3319 sie

210 3327 268 3448 gine
280 3327 393 3450 Tulgend
412 3329 660 3451 i⁸bv⁹i¹¹⁰ndwerih
673 3331 773 3412 diffie)
791 3332 849 3412 bat,
867 3332 907 3386 ale
925 3332 996 3412 anch
1008 3331 1051 3385 die
1062 3331 1241 3413 Gesundheit,
1260 3351 1289 3416 eo
1302 3333 1374 3390 wird

211 3399 762 3548 abutenda&turbati
775 3401 854 3538 11111
870 3400 1375 3525 titttttthbthaitttttt

209 3533 412 3588 unterscheidet
429 3535 487 3590 sich
505 3536 583 3590 moht
601 3555 654 3591 nur
671 3536 733 3592 dem
750 3537 840 3592 Grada
857 3539 914 3593 und
941 3537 987 3592 der
1005 3538 1106 3593 Grdsse
1132 3539 1201 3594 nach
1228 3558 1281 3594 von
1308 3539 1373 3594 dem

211 3601 323 3656 Werthe
341 3603 387 3656 der
405 3603 584 3660 Gesundheit.
611 3606 726 3673 (Madv.)

269 3669 330 3749 Ι45.
367 3671 576 3728 obscuratur
593 3678 627 3728 et
645 3673 848 3730 offunditur
864 3675 959 3746 ‘vollig
976 3675 1138 3730 verdnnkelt
1155 3675 1239 3731 wird'.
1320 3676 1372 3730 in·

211 3741 296 3817 terit
322 3739 355 3792 in
382 3741 622 3810 magnitudine
649 3743 754 3797 maris
780 3744 903 3814 Aegaei
929 3747 980 3798 etc.
1017 3745 1069 3799 ‘ein
1093 3745 1297 3816 Hunivtropfen
1314 3763 1373 3798 ver·

211 3806 362 3887 schprmdet
379 3808 547 3889 imgreseen
566 3815 578 3824 “’
601 3811 712 3866 iiischen
730 3813 837 3866 Moere’.
873 3812 966 3866 Dieses
984 3813 1041 3867 und
1059 3812 1102 3867 die
1120 3787 1219 3869 beiden
1236 3814 1306 3869 noch
1324 3832 1372 3867 en·

211 3875 342 3997 gpfugten
360 3876 379 3928 S
398 3878 565 3933 ruchwiirter
601 3881 715 3934 edentes
732 3899 762 3934 so
779 3880 832 3934 viel
850 3881 888 3934 uls
916 3885 998 3936 etwas
1026 3883 1167 3936 Uuniitzes
1193 3883 1273 3937 thun.
1308 3883 1373 3964 Vgl.

242 3961 279 3998 or.
298 3947 349 3998 sat.
403 3949 442 4010 10,
461 3949 494 4000 34
513 3948 541 4001 in
561 3948 658 4002 silvam
675 3948 749 4018 ligna
767 3949 844 4003 ferre.
880 3950 961 4020 Verg.
980 3969 1072 4022 georg.
1089 3951 1120 4006 II
1139 3955 1189 4004 104
1203 3951 1231 4005 ff.
1335 3970 1372 4005 rn

212 4012 353 4067 divitiis
372 4013 505 4070 Croesi:
542 4017 589 4070 der
606 4017 772 4072 Reichthum
791 4017 837 4070 des
855 4017 956 4073 Ordsus
974 4037 1030 4074 war
1047 4020 1133 4073 sehon
1156 4020 1194 4074 im
1212 4020 1372 4075 Altertbnm

211 4081 507 4207 1111011111111101
526 4086 895 4210 11111111111111
914 4091 978 4211 ape
985 4088 1239 4212 0111111111Ζέ
1256 4089 1373 4212 11111

212 4223 243 4272 21
264 4219 382 4276 infinitio
401 4239 482 4289 quam
503 4221 637 4294 ἀπειρίαν
655 4229 762 4278 vocant.
869 4224 976 4294 ipsum
994 4224 1119 4280 bonum
1137 4229 1188 4281 eto.
1223 4227 1281 4280 Das
1298 4199 1374 4280 Gute'

211 4287 294 4341 selbst
314 4289 422 4342 stimmt
439 4289 515 4345 nieht
534 4291 586 4346 mit
604 4290 651 4346 der
659 4292 752 4346 Natur
769 4292 889 4354 iiberein,
909 4293 1374 4365 sonderndieUebereinstimmung
