3024 4938
406 334 468 388 Lm.
487 335 508 388 1.
545 333 610 388 um.
630 335 798 390 vir-vm.
835 337 864 400 §e
883 339 994 390 κι-κε.
1243 343 1282 404 19

116 502 165 564 Et
189 502 279 584 quod
303 503 469 585 quaeritur
493 525 600 588 saepe,
626 511 775 568 curtem
799 505 897 569 multi
921 505 988 570 sint
1015 507 1180 590 Epicurei,
1205 515 1282 572 sunt

118 604 205 668 eliae
229 627 360 689 quoque
385 627 513 685 causae,
540 607 598 670 sed
621 606 870 671 multitudinem
894 610 975 672 haec
998 610 1138 674 maxime
1163 610 1279 690 allicit,

118 707 209 790 quod
230 706 280 770 ita
302 715 423 792 putent
443 708 508 772 dici
531 709 571 772 eb
596 707 665 786 illo,
691 715 783 773 recte
806 717 841 771 et
863 711 1005 776 honeste
1028 732 1111 794 quee
1140 713 1218 792 sint,
1244 736 1281 778 ea

116 809 226 872 fecere
249 809 322 893 ipse
349 831 408 892 per
436 832 471 875 se
498 811 678 890 laetitiam,
708 811 742 874 id
771 818 823 874 est
850 813 1069 896 voluptatem.
1121 814 1280 880 Homines

117 911 236 995 optimi
260 934 326 976 non
349 913 554 998 intellegunt
576 920 681 978 totem
704 915 867 980 rationem
891 915 1010 994 everti,
1040 915 1069 978 si
1090 915 1139 980 ite
1165 939 1217 982 res
1245 942 1280 982 se

115 1017 253 1079 habeat.
301 1018 389 1080 Nam
412 1017 440 1080 si
463 1017 711 1095 concederetur,
738 1017 838 1084 etiem
862 1018 889 1084 si
913 1018 954 1081 ad
981 1039 1100 1102 corpus
1123 1019 1207 1083 nihil
1229 1042 1279 1085 re·

116 1117 255 1197 feretur,
279 1119 345 1183 iste
368 1143 427 1184 sue
451 1126 569 1204 sponte
594 1126 628 1183 et
651 1141 710 1202 per
733 1141 768 1184 se
786 1141 856 1184 esse
872 1121 1027 1200 iucunde,
1052 1142 1110 1205 per
1133 1143 1167 1186 se
1191 1132 1280 1187 esset

115 1227 149 1284 et
164 1220 272 1285 virtus
289 1228 324 1286 et
340 1222 487 1305 cognitio
503 1243 623 1299 rerum,
648 1221 736 1304 quod
752 1221 883 1286 minime
899 1223 956 1287 ille
972 1224 1057 1302 vult,
1083 1225 1277 1308 expetenda.

115 1324 180 1408 (26)
198 1325 291 1388 Haec
310 1325 414 1408 igitur
428 1323 564 1408 Epicuri
579 1347 646 1388 non
661 1326 775 1408 probo,
793 1325 939 1409 inquam.
963 1326 1015 1390 De
1032 1334 1142 1392 cetero
1159 1327 1279 1390 vellem

115 1427 271 1510 equidem
299 1435 357 1491 eut
384 1427 454 1511 ipse
483 1426 642 1492 doctrinis
665 1426 785 1492 fuisset
811 1427 1006 1492 instructior
1032 1465 1073 1480 -—
1102 1436 1154 1496 est
1181 1430 1278 1509 enim,

16 1569 21 1588 .
114 1531 208 1614 quod
229 1531 295 1594 tibi
317 1531 366 1594 ite
388 1530 493 1594 videri
515 1551 650 1594 necesse
667 1537 730 1608 est,
756 1552 822 1594 non
838 1529 920 1595 satis
936 1530 1061 1615 politus
1084 1531 1124 1594 iis
1140 1531 1277 1610 artibus,

114 1657 199 1717 ques
230 1632 286 1716 qui
318 1639 436 1696 tenent
468 1631 589 1696 eruditi
611 1632 824 1716 appellentur
846 1669 900 1707 --,
926 1639 985 1695 aut
1007 1653 1048 1696 ne
1064 1632 1280 1702 deterruisset

113 1735 200 1800 elios
233 1759 252 1800 e
283 1734 419 1801 studiis:
460 1756 657 1819 quemquem
689 1741 723 1796 te
753 1735 886 1818 quidem
917 1734 1013 1799 video
1042 1733 1175 1802 minime
1208 1757 1279 1798 esse

113 1839 325 1905 deterritum.

203 1942 305 2006 VIII.
353 1941 446 2006 Quee
470 1962 545 2003 cum
569 1939 736 2018 dixissem,
759 1939 866 2022 magis
889 1946 926 2004 ut
949 1938 1044 2002 illum
1067 1961 1280 2025 provocarem

114 2069 217 2130 quem
248 2052 288 2108 ut
315 2045 384 2129 ipse
413 2045 581 2128 loquerer,
616 2049 689 2106 tum
721 2042 865 2109 Triarius
896 2042 1015 2107 leniter
1047 2042 1204 2120 arridens,
1229 2042 1279 2104 ru

114 2149 266 2234 quidem,
301 2148 424 2232 inquit,
459 2153 570 2210 totum
603 2146 782 2230 Epicurum
814 2166 918 2230 poene
954 2165 972 2208 e
1005 2144 1277 2228 philosophorum

113 2255 218 2318 choro
249 2250 427 2315 sustulisti.
480 2248 570 2314 Quid
598 2247 628 2314 ei
650 2246 815 2331 reliquisti
841 2246 905 2310 nisi
936 2249 986 2324 te,
1020 2267 1150 2328 quoquo
1179 2243 1277 2308 modo

111 2357 318 2439 loqueretur,
343 2353 550 2435 intellegere,
569 2351 647 2434 quid
664 2349 809 2414 diceret?
835 2347 953 2412 Aliena
969 2346 1053 2410 dixit
1067 2347 1102 2412 in
1117 2345 1275 2430 physicis,

114 2481 177 2523 nec
203 2479 241 2522 ee
264 2457 345 2542 ipse,
372 2478 454 2540 quae
482 2455 545 2520 tibi
572 2455 809 2539 probarentur3
837 2452 865 2516 si
893 2473 956 2536 qua
984 2451 1018 2514 in
1045 2447 1084 2519 iis
1113 2449 1276 2533 corrigere

113 2682 265 2752 Epicurum
284 2679 354 2734 euch
372 2679 505 2734 berichtet
522 2696 550 2732 er
567 2677 597 2730 H
615 2681 644 2740 3,
664 2679 679 2729 ’ί
703 2675 766 2729 dass
784 2675 842 2729 ihm
860 2674 962 2744 Epicur
986 2673 1071 2729 selbst
1094 2671 1146 2728 den
1168 2671 1277 2726 Nemen

114 2753 188 2805 eines
206 2748 316 2812 Weisep
333 2748 485 2803 zuerlrennt
502 2745 579 2801 habe.
649 2745 693 2800 Et
710 2743 800 2814 qnod
818 2743 1001 2812 quaeritur
1019 2759 1119 2811 saepe
1137 2743 1186 2794 etc.
1206 2737 1277 2793 ‘Und

114 2838 195 2875 wenn
207 2817 356 2872 menbfter
374 2817 457 2886 fragt,
475 2834 578 2870 warum
597 2832 623 2868 es
643 2831 672 2867 eo
690 2812 913 2883 rieleEpicureer
952 2810 1008 2874 ''be,
1027 2829 1056 2864 so
1071 2812 1119 2863 —'.
1190 2807 1277 2877 quod

114 2890 166 2943 ite
184 2889 312 2958 putant
330 2885 411 2939 dici:
447 2885 502 2940 Der
519 2882 613 2938 Plurel
630 2882 683 2936 mit
700 2881 793 2950 Bezng
810 2880 862 2935 auf
880 2899 907 2934 m
937 2878 1042 2942 titudo,
1069 2877 1118 2934 wie
1136 2877 1216 2932 Tusc.
1234 2876 1277 2930 IV

115 2963 140 3021 3,
161 2961 177 3009 6
196 2957 333 3010 commota
350 2953 499 3009 multitudo
518 2951 635 3006 contulit
654 2967 682 3004 se
705 2949 740 3004 ed
763 2949 875 3004 eandem
915 2947 1071 3002 ctissimum
1095 2944 1162 2999 disci
1182 2945 1275 3007 linem,

116 3026 173 3081 sire
190 3024 264 3094 quod
283 3025 341 3077 eret
359 3023 472 3094 cognitu
489 3021 632 3092 perfacilis,
651 3019 706 3072 sive
724 3017 798 3088 quod
815 2967 1005 3071 invitabantur
1022 3012 1152 3070 illecebris
1163 2964 1276 3068 blandis
1312 3075 1317 3083 ι

16 3145 18 3162 ,
114 3092 274 3165 voluptatis.
295 3092 493 3162 Zumpreete.
562 3088 747 3144 referetur:
767 3105 831 3140 man
849 3087 974 3140 erwertet
991 3105 1015 3141 w
1050 3102 1083 3138 en
1101 3083 1147 3136 des
1165 3100 1277 3136 vorens-

16 4375 18 4418 l

16 4429 17 4452 ι

16 4465 18 4494 l

116 3163 258 3235 gehenden
277 3161 301 3215 si
319 3159 509 3215 concederetur
533 3157 581 3212 das
599 3159 640 3212 Im
661 3156 708 3211 erf.
727 3155 880 3210 referretur.
915 3152 977 3234 Vgl.
992 3153 1023 3221 je
1043 3151 1277 3213 tetrasemo,

117 3230 361 3294 contunsione
384 3230 418 3283 de
440 3246 469 3282 re
491 3227 606 3282 obscure
630 3245 645 3280 a
676 3241 764 3278 rmere
785 3240 904 3294 possem,
930 3239 988 3276 sive
1011 3220 1102 3276 enimc
1128 3218 1183 3274 sive
1205 3218 1211 3230 ‘
1234 3218 1277 3270 nis

119 3301 159 3354 sit
176 3300 296 3363 enimus,
319 3317 381 3353 eum
404 3297 520 3352 iurarem
548 3313 605 3350 esse
631 3293 763 3347 divinum.
810 3289 1139 3350 denat.deor.111‚2
1163 3304 1215 3340 eun
1235 3303 1278 3338 em

118 3367 243 3438 equidem
267 3367 374 3422 medem
398 3366 492 3421 audire
515 3365 639 3426 Cottam,
663 3361 743 3422 dum,
763 3377 816 3429 qua
834 3357 987 3427 eloquentia
1005 3355 1087 3410 felsos
1106 3354 1169 3407 deos
1189 3356 1276 3407 sustu·

115 3439 159 3502 lit,
178 3438 271 3492 eedem
288 3453 366 3492 veros
385 3434 506 3490 inducet.
525 3435 625 3503 Zumpt
643 3432 718 3496 §512
737 3429 818 3482 Anm.

188 3505 239 3560 26·
263 3524 329 3560 non
348 3504 434 3558 setis
452 3503 585 3575 politus
603 3501 648 3556 iis
667 3497 811 3553 artibus.
830 3495 869 3552 Es
886 3494 948 3549 sind
966 3491 1086 3548 mehrere
1103 3491 1175 3546 Auss
1194 3488 1277 3546 riiche

116 3577 234 3646 Epicure
252 3573 422 3636 iiberliefert,
441 3572 539 3629 welche
557 3571 615 3624 eine
639 3566 822 3638 mengelhefte
844 3564 964 3636 gelehrte
981 3559 1103 3628 Bildung
1124 3577 1162 3613 un
1205 3558 1278 3611 seins

117 3645 333 3714 Ueberzeugnng
350 3660 404 3696 von
421 3641 494 3695 ihrer
505 3636 742 3694 Entbehrliohkeit
759 3635 918 3698 belrnnden;
937 3649 967 3686 so
986 3627 1107 3686 schreibt
1124 3645 1154 3682 er
1172 3645 1207 3681 en
1224 3626 1277 3696 Py-

118 3713 221 3767 thocles
240 3712 284 3767 bei
301 3711 383 3781 Diog.
400 3711 493 3765 Laert.
510 3709 537 3762 X
556 3712 572 3761 6
591 3707 740 3762 Παιδείαν
760 3705 791 3760 δὲ
810 3710 916 3768 πᾶσαν,
936 3699 1069 3776 μακάριε,
1090 3702 1189 3774 φεῦγε.
1216 3694 1277 3764 Vgl.

117 3783 219 3836 Athen.
237 3781 311 3835 XIII
329 3784 362 3833 53
380 3783 428 3834 καί
447 3777 560 3853 πρῶτόν
579 3798 610 3854 γε
630 3773 843 3860 μνησθήσομαι
861 3778 912 3826 τοῦ
932 3765 1185 3842 φιλαληθεστάτου
1203 3763 1278 3820 Ἐπι-

118 3852 244 3925 κούρου·
285 3849 363 3912 ὅστις
391 3849 539 3926 ἐγκυκλίου
567 3849 702 3907 παιιλείας
730 3841 857 3918 αμάητος
884 3839 923 3898 eir
951 3836 1106 3914 ἐμακάριζε
1135 3838 1183 3888 καί
1209 3833 1278 3895 τούς

119 3921 229 3993 ὁμοίως
249 3917 325 3988 αὐτῷ
345 3919 392 3974 ἐπὶ
411 3919 591 3988 φιλοσοφίαν
609 3913 855 3988 παρερχομένους,
874 3905 1130 3992 τοιαάταςεφωράς
1147 3905 1278 3990 προϊέμε-

119 4011 169 4053 νος
188 3991 346 4076 ’ριακαρίζω
368 4007 400 4040 σε
420 3983 551 4050 (niimlich
562 3983 676 4053 Apelles,
695 3998 730 4034 en
749 3980 801 4033 den
811 3979 844 4032 E.
864 3978 990 4043 sehrieb),
1010 3997 1030 4030 ω
1053 3993 1145 4052 ουτος,
1168 3973 1211 4026 ότι
1229 3991 1277 4024 κα·

118 4061 218 4132 θαρος
236 4056 332 4127 πάσης
349 4055 483 4117 παιδείας
502 4054 549 4108 ἐπὶ
562 4055 741 4123 φιλοσοφίαν
755 4047 908 4171 δι’(ρμησαςῖ
979 4061 1062 4114 ques
1104 4058 1140 4094 ur
1157 4039 1279 4093 tenent

120 4125 257 4182 eruditi
276 4123 496 4195 appella-ntur
522 4121 614 4176 ‘deren
632 4119 752 4173 Besitzer
796 4115 896 4170 elehrte
913 4113 1036 4168 heissen'.
1097 4107 1223 4162 streffen
1241 4105 1279 4157 im

119 4195 182 4249 Lat.
201 4194 267 4249 zwei
284 4193 396 4246 relative
413 4191 581 4247 Pronomine
598 4189 627 4242 in
645 4186 798 4242 demselben
824 4184 904 4237 Setze
930 4196 1102 4241 zusammen,
1130 4193 1207 4231 wenn
1233 4171 1280 4226 der

119 4263 276 4318 Nebensetz
290 4261 372 4315 sehon
386 4279 421 4314 en
439 4260 497 4315 sich
511 4258 640 4322 relativer
651 4256 744 4310 Netur
755 4255 801 4309 ist.
819 4271 841 4308 ο.
855 4257 896 4313 16,
909 4255 942 4304 49
960 4269 1014 4321 qua
1032 4245 1080 4317 qui
1097 4243 1188 4299 effecti
1205 4243 1279 4303 sunt,

16 4309 17 4334 ³
118 4332 149 4386 in
168 4331 261 4386 eedem
281 4349 361 4385 cause
379 4334 452 4384 sunt.
490 4331 530 4390 16,
549 4331 582 4380 62
605 4343 658 4394 qne
676 4324 724 4393 qui
741 4325 872 4384 utuntur,
890 4315 1104 4373 benevolentiam
1123 4312 1176 4367 sibi
1193 4309 1279 4365 conci-

1029 4401 1064 4453 2*
