3024 4938
250 326 291 387 32
482 323 532 376 ΒΕ
551 320 702 376 FINIBUS
721 320 905 374 BONORUM
922 319 970 372 ET
987 315 1177 373 MALORUM

251 501 303 563 est
327 493 413 558 enim
438 500 495 557 aut
518 491 632 557 utilior
656 499 713 557 aut
737 492 778 555 ad
809 492 893 554 bene
926 488 1105 554 vivendum
1136 487 1244 570 aptior
1274 486 1410 572 partitio

249 620 348 682 quam
371 595 449 673 illa,
475 618 539 677 qua
562 602 614 658 est
636 617 715 657 usus
740 594 922 678 Epicurus?
953 591 1008 675 qui
1037 613 1137 654 unum
1166 611 1270 673 genus
1299 589 1412 673 posuit

250 721 360 764 aarum
386 697 622 780 cupiditatum,
647 717 729 779 quae
753 701 865 760 essent
889 700 923 756 et
945 692 1114 756 naturales
1138 697 1172 755 et
1195 691 1410 768 necessariae,

250 803 408 878 alterum,
440 821 522 882 quae
546 799 715 862 naturales
740 804 851 860 essent
875 817 934 860 nec
958 802 1071 858 tamen
1094 793 1313 871 necessariae,
1343 800 1412 855 ter-

251 903 353 982 tium,
379 924 462 986 quae
486 924 547 965 nec
570 901 738 964 naturales
761 921 822 964 nec
846 897 1067 963 necessariae:
1107 919 1241 980 quarum
1268 919 1305 959 ea
1327 896 1412 958 ratio

249 1012 315 1083 est,
340 1011 379 1067 ut
394 1003 598 1067 necessariae
622 1024 682 1066 nec
707 1024 806 1086 opera
829 1001 936 1064 multa
957 1021 1019 1064 nee
1035 999 1184 1084 impensa
1200 998 1410 1082 expleantur3

248 1130 292 1175 ne
316 1106 484 1170 naturales
508 1105 640 1188 quidem
664 1105 771 1168 multa
795 1103 999 1181 desiderant,
1028 1109 1202 1187 propterea
1225 1100 1313 1184 quod
1341 1099 1414 1184 ipsa

247 1214 367 1272 natura
384 1207 527 1286 divitias,
553 1207 672 1289 quibus
697 1211 853 1270 contenta
877 1206 930 1284 sit,
957 1211 990 1268 et
1012 1203 1176 1288 parabiles
1201 1208 1235 1266 et
1256 1201 1413 1265 termina-

249 1315 303 1374 tas
326 1310 442 1385 habet;
468 1309 613 1372 inanium
637 1317 749 1372 autem
773 1307 992 1392 cupiditatum
1016 1328 1076 1370 nec
1099 1305 1216 1368 modus
1239 1305 1328 1367 ullus
1351 1324 1413 1366 neo

252 1411 326 1475 finis
350 1409 489 1474 inveniri
511 1417 635 1494 potest.
683 1410 778 1472 XIV.
797 1407 863 1493 (46)
887 1409 987 1473 Quod
1010 1407 1038 1471 si
1060 1408 1163 1471 vitam
1187 1423 1317 1470 omnem
1339 1427 1413 1490 per-

249 1513 380 1576 turbari
402 1513 551 1576 videmus
575 1533 683 1576 errore
708 1519 741 1574 et
764 1511 953 1590 inscientia,
980 1509 1241 1596 sapientiamque
1266 1530 1337 1572 esse
1361 1531 1414 1570 so·

249 1617 334 1693 lam,
369 1638 450 1698 quae
482 1639 542 1679 nos
566 1638 584 1679 a
608 1614 782 1678 libidinum
806 1614 933 1698 impetu
957 1621 991 1678 et
1014 1637 1032 1676 a
1054 1613 1265 1676 formidinum
1289 1617 1414 1674 terrore

254 1716 401 1780 vindicet
425 1723 459 1780 et
481 1717 584 1801 ipsius
607 1716 760 1780 fortunae
784 1715 912 1780 modice
946 1716 1029 1780 ferre
1063 1717 1182 1779 doceat
1213 1713 1346 1777 iniurias
1381 1717 1416 1775 et

235 1841 368 1912 lomnes
384 1821 548 1883 monstret
563 1821 643 1898 vias,
670 1840 751 1902 quae
775 1819 816 1882 ad
840 1818 984 1901 quietem
1009 1825 1043 1882 et
1065 1816 1342 1900 tranquillitatem
1365 1814 1415 1878 fe·

251 1929 344 2000 rant,
380 1921 458 2004 quid
482 1929 533 1984 est
558 1944 614 1984 cnr
637 1921 826 1985 dubitemus
851 1921 976 1999 dicere,
1007 1927 1040 1984 et
1063 1920 1257 2004 sapientiam
1280 1922 1416 2001 propter

252 2026 443 2109 voluptates
461 2024 679 2108 expetendam
696 2031 728 2087 et
744 2022 967 2108 insipientiam
985 2029 1126 2107 ‘propter
1148 2020 1318 2085 molestias
1342 2041 1415 2082 esse

252 2127 468 2211 fugiendam?
492 2126 556 2211 (47)
574 2127 764 2209 Eademque
788 2125 915 2190 ratione
939 2147 979 2189 ne
1002 2124 1256 2210 temperantiam
1280 2121 1415 2205 quidem

251 2235 386 2316 propter
409 2253 444 2294 se
468 2231 685 2314 expetendam
710 2251 781 2292 esse
806 2228 964 2306 dicemus,
990 2228 1048 2291 sed
1073 2227 1148 2311 quia
1163 2247 1278 2310 pacem
1298 2224 1415 2289 animis

253 2334 368 2396 afferat
385 2339 419 2395 et
435 2354 490 2396 eos
507 2332 600 2415 quasi
621 2332 796 2395 concordia
820 2331 961 2414 quadam
984 2331 1095 2414 placet
1118 2352 1155 2393 ac
1178 2329 1292 2392 leniat.
1316 2327 1413 2390 Tem-

248 2435 399 2517 perantia
415 2440 467 2497 est
491 2435 587 2511 enim,
614 2454 697 2516 quae
720 2433 753 2496 in
776 2434 876 2496 rebus
900 2441 958 2496 aut
983 2431 1176 2517 expetendis
1202 2435 1258 2494 ant
1281 2429 1413 2512 fugien-

249 2534 299 2597 dis
323 2541 361 2597 ut
383 2535 545 2598 rationem
569 2557 744 2618 sequamur
767 2540 892 2598 monet.
940 2535 1012 2599 Nec
1038 2535 1125 2598 enim
1148 2532 1228 2598 satis
1251 2525 1306 2596 ¹est
1328 2530 1413 2593 iudi-

245 2659 334 2715 care,
361 2636 438 2720 quid
463 2637 650 2701 faciendum
674 2661 739 2702 non
762 2637 992 2702 faciendumve
1017 2639 1077 2716 sit,
1112 2638 1170 2700 sed
1195 2641 1282 2714 stare
1313 2633 1414 2696 etiam

244 2745 382 2822 oportet
404 2739 438 2802 in
462 2761 519 2818 eo,
554 2740 641 2824 quod
666 2748 717 2803 est
740 2739 933 2806 iudicatum.
980 2740 1134 2824 Plerique
1158 2745 1289 2817 autem,
1324 2735 1414 2819 quod

318 2943 368 2997 45.
405 2943 494 3008 Quae
521 2947 571 2998 est
598 2945 684 2998 enim
712 2944 833 2998 utilior
851 2946 1066 3032 —partitioz
1103 2947 1183 3070 Dioq.
1202 2945 1294 2999 Laert.
1312 2942 1340 2996 X
1360 2945 1411 2993 149

250 3012 316 3068 Τῶν
336 3014 501 3084 ἐπιθυμιῶν
522 3017 555 3068 αἱ
569 3017 622 3085 μέν
642 3017 698 3068 εἰσι
718 3019 906 3083 mancunium*
927 3023 1091 3093 canpaniae,
1112 3017 1146 3070 αἱ
1180 3017 1192 3070 ὲ
1213 3016 1335 3083 φυσικαὶ
1363 3014 1411 3062 καὶ

250 3081 303 3136 οὐκ
324 3080 497 3158 ἀναγκαῖαι,
520 3085 554 3136 αἱ
569 3085 601 3136 δὲ
621 3079 686 3136 οὔτε
706 3087 828 3152 φυσικαὶ
847 3081 913 3138 orire
934 3083 1107 3161 ἀναγκαῖαι,
1138 3083 1207 3137 ἀλλὰ
1227 3083 1306 3156 παρὰ
1326 3079 1412 3147 κενήν

245 3150 341 3212 Ιδόξαν
360 3150 523 3227 γενόμεναι.
560 3150 739 3205 Ausfuhrlich
763 3151 867 3221 spricht
885 3151 939 3205 (lic.
958 3154 1025 3207 iiber
1043 3153 1086 3206 die
1105 3151 1269 3223 epicurische
1287 3145 1411 3203 Einthei·

248 3219 315 3288 lung
333 3218 380 3271 der
398 3219 547 3288 Begierden
565 3220 644 3274 Tusa.
657 3219 682 3271 V
695 3223 736 3281 33,
750 3223 782 3272 93
795 3219 824 3272 ff.
896 3238 1039 3289 quarum
1059 3240 1094 3275 ea
1112 3221 1201 3275 ratio
1221 3222 1284 3278 ost.
1304 3220 1341 3270 ut
1360 3219 1412 3268 etc.

248 3287 303 3341 Cic.
324 3287 377 3341 will
395 3287 443 3341 das
459 3287 629 3342 Verh'altniss
648 3289 696 3342 der
713 3287 864 3358 Begiorden
881 3309 915 3342 zu
933 3289 1061 3344 einander
1079 3289 1249 3351 bestimmen,
1267 3285 1413 3341 bestimmt

245 3356 314 3410 abar
333 3356 362 3410 in
381 3355 443 3410 dem
461 3356 514 3410 mit
532 3360 564 3410 ut
581 3357 756 3428 begonnenen
769 3357 849 3411 Satze
867 3375 918 3411 nur
937 3358 979 3412 die
998 3362 1067 3413 erste
1080 3357 1177 3412 Klasse
1196 3355 1340 3410 derselben.
1359 3351 1413 3405 Die

250 3425 343 3479 aweite
361 3425 418 3478 und
437 3425 521 3479 dritte
539 3424 615 3495 giebt
633 3444 661 3480 er
687 3425 739 3479 mit
756 3425 882 3496 Aufgabe
901 3429 1023 3496 strenger
1041 3426 1262 3496 Periodisierung
1289 3424 1318 3477 in
1345 3419 1413 3476 zwei

249 3493 392 3563 folgenden
410 3492 623 3564 uuabhdugigeu
642 3493 748 3548 Satzen.
818 3497 1000 3564 propteroa
1019 3495 1107 3565 quod
1126 3496 1199 3566 ipsa
1217 3496 1341 3548 natura
1359 3492 1411 3542 etc.

250 3561 331 3632 Diog.
349 3563 441 3616 Laert.
459 3561 486 3614 X
501 3566 550 3615 144
566 3564 603 3616 ‘0
622 3570 669 3633 τῆς
688 3563 806 3632 φύσεως
824 3565 947 3628 πλοῦτος
965 3570 1012 3619 καὶ
1031 3563 1152 3638 ὥρισται
1170 3569 1218 3619 καὶ
1236 3557 1413 3634 εὐπόριστός

246 3632 336 3695 ἐστιν,
358 3631 372 3685 ὁ
392 3632 423 3685 ‹le'
443 3636 497 3686 τῶν
516 3637 605 3686 κενῶν
625 3633 720 3694 δοξῶν
739 3634 780 3694 εἰς
799 3629 919 3706 ἄπειρον
939 3635 1074 3688 ἐκπίπτει.

319 3697 370 3752 46.
407 3698 598 3752 inscientia
626 3718 646 3752 s.
666 3717 687 3752 c.
708 3704 748 3763 13,
767 3703 799 3752 43
827 3700 998 3756 inoratione
1016 3719 1106 3755 rerum
1124 3701 1258 3756 bonarum
1277 3701 1304 3752 et
1330 3694 1413 3749 mala-

250 3785 319 3846 rum.
425 3766 497 3819 vias
517 3785 598 3835 quae
618 3803 647 3810 -
668 3767 783 3822 ferant
811 3773 817 3796 ‘
855 3787 902 3838 ege
920 3770 963 3823 die
981 3789 1029 3824 aur
1047 3771 1126 3824 Ruhe
1144 3771 1200 3824 und
1219 3787 1281 3822 zum
1299 3766 1414 3820 inneren

250 3834 365 3914 Frredep
377 3833 499 3914 ,fratrem
537 3834 569 3887 de
587 3841 655 3890 orat.
674 3837 688 3888 Ι
707 3839 748 3898 30,
769 3840 817 3890 135
837 3836 928 3891 studia
946 3839 1015 3892 nihil
1032 3842 1148 3909 prosunt
1174 3833 1346 3909 perveniendi
1365 3831 1413 3886 ali·

247 3920 311 3971 ‘¹¹¹⁰'
320 3921 374 4024 ll?
376 3920 385 3954 ¹
403 3900 692 4039 llipttita‘l0
700 3903 934 4044 latitanti
942 3907 1292 4046 deililqli'oiigiilit
1311 3979 1326 4028 ι
1349 3973 1415 4028 cn·-
1441 3941 1443 3945 ’

249 4038 437 4118 dinaltugend
457 4039 696 4121 distemperantia
715 3998 975 4126 (conpellatio
1015 3999 1114 4114 iqriid
1133 4016 1334 4098 faciendum¹
1346 4061 1416 4096 uon

251 4107 489 4161 sacrendumve
508 4112 565 4162 srt.
590 4111 629 4164 Zu
648 4111 779 4164 beachten
797 4115 835 4165 rst
853 4111 896 4166 die
915 4113 1038 4185 Stollung
1055 4132 1109 4168 von
1128 4132 1159 4168 ve
1178 4114 1207 4168 in
1226 4114 1272 4167 der
1289 4112 1414 4166 Verknii·

250 4175 338 4256 pfung
356 4178 626 4256 entgegeugesetzter
643 4180 774 4248 Begriffez
793 4181 822 4234 II
842 4185 881 4244 la,
902 4186 934 4234 38
953 4183 1101 4253 voluptatis
1121 4201 1175 4237 non
1193 4180 1334 4237 dolendive
1351 4198 1414 4250 par·

251 4250 344 4324 ticeps.
360 4244 396 4325 de
413 4251 514 4300 mvent.
533 4248 607 4311 125,
626 4251 658 4300 36
677 4247 862 4312 andnam
884 4252 1026 4305 consilium
1044 4255 1085 4305 est
1104 4250 1207 4322 aliquid
1226 4249 1343 4304 faciendi
1357 4268 1414 4303 non

247 4313 400 4372 :facrendrve
418 4316 572 4386 excogitata
590 4315 672 4369 ratic.
