3024 4938
447 378 509 432 Iun.
529 379 551 432 1.
587 377 652 432 Osr.
671 378 783 432 IX—X.
820 381 847 443 ξς
867 381 977 434 ae-ea,
1248 386 1289 448 23

122 554 185 609 aut
201 553 296 631 petat
311 553 369 611 aut
391 545 499 631 fugiat
522 549 657 632 aliquid,
682 554 810 634 praeter
834 550 1040 634 voluptatem
1064 558 1099 614 et
1122 551 1289 621 dolorem?

126 647 187 732 (31)
213 651 299 712 Sunt
321 656 431 714 autem
456 650 589 734 quidam
613 673 629 715 e
653 651 790 729 nostris,
814 651 877 738 :qui
899 653 980 716 haec
1004 652 1160 716 subtilius
1183 655 1290 718 velint

124 751 259 814 tradere
284 757 466 834 abnegent
490 751 571 816 satis
594 773 682 831 esse,
713 753 792 836 quid
814 755 938 818 bonum
965 755 1010 817 sit
1032 761 1091 818 aut
1113 755 1193 838 quid
1221 781 1288 822 ma·

125 854 217 932 lum,
247 875 348 917 sensu
370 853 527 931 iudicari,
562 856 621 918 sed
643 855 752 918 animo
777 856 876 920 etiam
908 879 946 920 ac
978 857 1105 922 ratione
1137 859 1289 944 intellegi

124 979 242 1040 posse,
274 964 308 1020 et
331 958 537 1040 voluptatem
559 957 665 1041 ipsam
688 981 745 1043 per
768 980 803 1023 se
827 981 898 1023 esse
922 962 1140 1046 expetendam
1169 969 1203 1026 et
1232 964 1289 1028 do·

124 1060 233 1122 lorem
270 1059 379 1143 ipsum
410 1081 469 1142 per
500 1081 535 1123 se
568 1081 639 1124 esse
670 1061 877 1145 fugiendum.
928 1063 1047 1146 Itaque
1080 1063 1172 1128 aiunt
1203 1067 1289 1130 hane

127 1162 222 1245 quasi
244 1162 431 1226 naturalem
454 1169 554 1246 atque
577 1163 710 1227 insitam
738 1163 772 1227 iu
800 1165 915 1228 animis
945 1167 1067 1248 nostris
1095 1166 1202 1231 inesse
1230 1190 1288 1232 no·

124 1266 270 1343 tionem,
296 1270 333 1328 ut
356 1267 498 1330 alterum
521 1289 592 1332 esse
616 1267 858 1352 appetendum,
883 1269 1025 1333 alterum
1049 1271 1287 1355 aspernandum

124 1369 322 1432 sentiamus,
370 1369 439 1434 Alii
463 1377 586 1448 autem,
611 1370 730 1454 quibus
754 1392 816 1453 ego
839 1371 1016 1451 assentior,
1042 1395 1116 1436 cum
1140 1397 1158 1437 a
1180 1373 1287 1458 philo·

14 1549 15 1554 *
125 1470 242 1554 sophis
266 1471 492 1554 compluribus
514 1474 680 1556 permulta
708 1472 875 1552 dicantur,
905 1495 962 1538 cur
990 1497 1051 1538 nec
1078 1476 1232 1560 voluptas
1255 1475 1289 1539 in

14 1623 15 1648 ,
126 1572 225 1636 honis
258 1573 303 1636 sit
334 1575 536 1638 numeranda
567 1596 629 1638 nec
660 1576 695 1639 in
726 1575 820 1638 malis
853 1575 966 1656 dolor,
999 1600 1066 1641 non
1097 1579 1288 1642 existimant

14 1715 16 1722 ·
123 1681 281 1758 oportere
304 1676 442 1738 nimium
465 1699 525 1740 nos
550 1699 667 1745 causae
696 1678 877 1752 confidere,
907 1680 966 1743 sed
994 1687 1028 1744 et
1056 1687 1288 1764 argumentari·
1333 1765 1334 1768 Ἴ

14 1835 15 1838 ,
124 1779 265 1842 dumet
296 1784 448 1842 accurate
480 1779 709 1844 disserendum
741 1787 775 1843 et
806 1781 988 1846 rationibus
1021 1783 1215 1866 conquisitis
1248 1783 1287 1848 de

124 1882 300 1965 voluptate
325 1887 359 1946 et
382 1881 494 1946 dolore
520 1882 755 1967 disputandum
777 1888 907 1967 putant.

14 1985 16 1990 ’
215 1984 258 2046 Χ.
284 1980 348 2068 (32)
373 1985 438 2048 Sed
460 1991 499 2047 ut
522 1985 739 2070 perspicietis,
765 1985 852 2049 unde
876 1986 986 2050 omnis
1004 1985 1066 2049 iste
1082 1995 1180 2050 natus
1198 2009 1288 2054 error

14 2147 15 2170 p
125 2087 171 2149 sit
195 2087 404 2170 voluptatem
432 2086 659 2150 accusantium
689 2087 900 2170 doloremque
928 2087 1151 2166 laudantium,
1180 2093 1287 2152 totam

123 2210 197 2254 rem
221 2189 365 2272 aperiam
389 2209 492 2273 eaque
515 2189 602 2273 ipsa,
634 2212 716 2272 quae
740 2191 781 2253 ab
804 2190 863 2252 illo
886 2189 1058 2252 inventore
1081 2189 1230 2252 veritatis
1254 2195 1288 2254 et

125 2290 221 2374 quasi
245 2289 428 2355 architecto
452 2291 567 2355 beatae
591 2291 677 2356 vitae
701 2293 790 2355 dicta
822 2297 915 2368 sunt,
948 2289 1131 2375 explicabo.
1179 2291 1286 2356 Nemo

127 2393 218 2458 enim
240 2391 346 2490 ipsam
377 2395 602 2478 voluptatem,
633 2394 708 2478 quia
738 2395 892 2476 voluptas
919 2393 979 2472 sit,
1009 2397 1203 2476 aspernatur
1230 2398 1287 2458 aut

198 2615 247 2670 31.
283 2616 342 2669 sed
363 2645 391 2656 -
411 2615 576 2686 intellegi
593 2634 701 2686 posse.
736 2617 794 2670 Aus
813 2616 874 2670 dem
892 2616 1117 2686 vorangehenden
1135 2619 1235 2686 negent
1252 2615 1289 2670 ist

126 2705 192 2740 num
210 2684 323 2740 zweiten
341 2683 436 2740 Gliede
455 2684 504 2738 das
533 2684 649 2755 positive
666 2683 786 2740 Verbum
814 2684 929 2752 (dicant)
956 2705 991 2739 zu
1018 2688 1163 2754 ergtnzom
1192 2685 1288 2739 ebenso

126 2773 148 2808 c.
170 2757 212 2817 18,
230 2758 272 2807 61.
290 2754 320 2810 11
338 2757 362 2816 8,
381 2757 423 2806 25.
442 2757 484 2816 21,
503 2757 536 2806 68
553 2773 579 2807 u.
599 2757 623 2808 ὃ.
644 2753 744 2834 Zumpt
763 2756 775 2819 ξ
795 2757 854 2806 itt.
924 2753 1013 2808 hanc
1032 2753 1130 2823 quasi
1147 2757 1288 2807 natura·

125 2824 191 2877 lem
210 2852 242 2860 -
261 2821 445 2876 notionem.
483 2822 570 2876 Wenn
588 2821 676 2875 damit
694 2821 737 2876 dre
755 2822 845 2896 πρόλη
874 2844 899 2886 ις
917 2823 1031 2893 Epicure
1051 2821 1078 2874 d.
1095 2821 1123 2875 h.
1142 2819 1189 2876 der
1207 2821 1241 2875 all
1263 2839 1289 2876 e·

14 2943 15 2946 ,
125 2892 216 2972 moine
234 2891 355 2971 auster·
367 2891 521 2944 Erinnerun
536 2959 542 2971 ι
560 2908 595 2944 an
613 2839 1028 2971 wiederholte·Walirnehmung
1054 2907 1217 2970 gewonnene
1240 2839 1288 2942 fie-

14 3003 15 3022 2
146 2959 196 3013 nff
209 2963 330 3029 gememt
348 2961 394 3022 ist,
413 2978 443 3013 so
461 2959 498 3013 ist
535 2977 559 3012 re
577 2959 752 3028 Darstellung
765 2959 871 3014 Omeros
890 2959 967 3014 nicht
985 2960 1100 3030 richtrg;
1120 2959 1192 3012 denn
1210 2975 1288 3028 ango-

14 3031 15 3036 ’
125 2980 213 3083 boren
231 3045 287 3082 war
309 3028 380 3082 nach
403 3027 505 3098 Epicur
529 3027 738 3101 die'nptlppug
761 3027 846 3081 nicht.
883 3027 964 3096 Diog.
982 3028 1075 3082 Laert.
1092 3027 1119 3080 X
1138 3031 1170 3080 33
1188 3029 1237 3098 τὴν
1257 3027 1288 3082 δὲ

14 3085 15 3100 ³
127 3097 276 3182 πρόληψιν
289 3099 424 3185 lo'popcw
442 3100 531 3152 οἱονεὶ
549 3099 708 3186 κατάληψιν
727 3094 743 3167 ἢ
764 3096 855 3183 δόξαν
875 3095 971 3170 ὀρθὴν
990 3096 1006 3166 ἢ
1027 3101 1142 3152 ἔννοιαν
1161 3095 1177 3166 ἢ
1197 3099 1289 3150 καθο-

126 3166 326 3236 terricrepum
346 3169 579 3240 εναποκειμένην,
599 3185 728 3221 τουτεσῑι
745 3187 858 3288 pvqppy
876 3171 927 3221 τοῦ
946 3165 1081 3245 solidum
1100 3167 1216 3228 ἔξωθεν
1236 3185 1289 3245 φα·

128 3239 234 3297 vitator.
271 3233 351 3287 Aueh
370 3233 404 3289 de
423 3237 479 3287 nat.
498 3234 569 3288 deor.
588 3234 603 3288 I
623 3238 662 3296 11,
682 3237 715 3285 44
733 3233 802 3286 lasst
842 3251 875 3287 ic.
894 3233 947 3286 den
963 3234 1108 3302 Eprcurcer
1126 3250 1223 3302 segon:
1249 3250 1289 3286 ιιι·

128 3302 222 3371 tellegi
233 3319 338 3356 necesse
356 3305 398 3356 est
416 3320 460 3356 eos
479 3302 550 3364 deos,
570 3301 699 3371 quoniam
717 3301 814 3354 insitas
833 3319 926 3354 eorum
944 3301 986 3353 vel
997 3300 1090 3369 potius
1102 3300 1214 3353 innatas
1228 3319 1259 3353 co
1281 3329 1289 3338 ·

127 3370 246 3424 nitiones
264 3371 405 3425 hebemus.
492 3369 564 3426 Alii
582 3373 693 3424 eutem
711 3373 761 3423 etc.
797 3369 853 3422 Oic.
871 3388 883 3422 s
903 3368 976 3422 rioht
994 3367 1052 3422 sich
1071 3366 1149 3421 nicht
1167 3366 1270 3422 deutlie

125 3440 196 3494 iiber
213 3439 287 3494 <iisse
304 3439 403 3494 Klasse
420 3457 472 3492 von
490 3440 653 3509 Epicuream
671 3457 737 3500 aus,
765 3437 862 3492 welche
880 3387 923 3490 <lie
941 3437 1028 3490 Prae
1055 3436 1123 3490 iiber
1147 3435 1190 3488 die
1217 3435 1290 3489 Lust

126 3508 184 3562 und
203 3508 256 3562 den
273 3507 401 3562 Schmerz
419 3507 496 3562 nicht
520 3507 599 3562 allein
625 3507 695 3562 nach
722 3507 783 3562 dem
810 3505 962 3562 sinulichen
989 3456 1091 3560 &crull
1118 3503 1288 3566 bestimmen‚

123 3576 248 3648 sondern
265 3575 441 3648 sorgl'altiger
459 3576 640 3632 untersuchen
658 3596 692 3631 zu
710 3579 819 3631 miissen
837 3575 975 3646 glaubten.

196 3680 270 3735 Aber
288 3679 332 3734 die
349 3679 421 3734 Lust
438 3679 477 3734 als
496 3679 566 3734 Luat
592 3678 659 3733 wind
686 3697 739 3734 von
761 3677 941 3733 Niemandem
959 3676 1137 3731 verabscheut
1160 3675 1218 3729 und
1241 3675 1290 3730 der

126 3749 256 3804 Sehmera
274 3749 314 3802 als
333 3748 459 3802 Schmerz
476 3766 530 3802 von
556 3747 739 3802 Niemandem
766 3747 889 3817 begahrt.
925 3747 992 3801 Man
1019 3764 1094 3801 musa
1121 3743 1208 3798 daher
1232 3743 1290 3798 eine

126 3818 210 3872 Wahl
227 3818 324 3872 treffen
342 3816 400 3870 und
418 3817 551 3872 entweder
568 3816 619 3870 auf
628 3817 851 3886 Vergniigungen
867 3815 1032 3877 verzichten‚
1051 3833 1098 3869 um
1116 3817 1238 3883 grbasere
1257 3832 1291 3866 nu

126 3885 361 4009 gewpnncn,3der
378 3886 539 3940 Schmerzen
556 3885 614 3940 und
632 3885 768 3940 Gefahren
786 3883 927 3948 erdulden,
952 3903 999 3939 um
1016 3883 1164 3938 schwerere
1183 3901 1218 3936 zu
1234 3900 1290 3936 ver·

126 3955 182 4010 mei
201 3973 242 4010 an.
310 3959 411 4009 e.10.

198 4022 249 4078 32.
274 3957 379 4077 (orior
395 3957 612 4092 vhluptatem
631 4022 873 4077 accusantium
900 4021 1121 4089 doloremque
1143 4019 1290 4074 laudan·

126 4093 213 4146 tium
239 4091 438 4146 ‘irrthiimliche
464 4091 589 4163 Anklage
615 4092 663 4146 der
679 4091 751 4145 Lust
767 4089 824 4144 und
842 4090 1031 4160 Lobpreisung
1049 4089 1096 4143 des
1115 4088 1289 4150 Schmerzes’,

14 4193 15 4202 ι
125 4161 257 4230 Nigelsb.
277 4165 318 4225 74,
337 4165 361 4213 3.
437 4159 787 4215 architectosbeatae
804 4159 906 4212 vitae.
942 4158 1108 4212 architectus
1126 4156 1212 4210 findet
1230 4155 1288 4208 sich
1382 4194 1384 4198 v

125 4230 156 4283 in
176 4230 318 4284 bildlicher
334 4228 498 4300 Bedeutung
516 4229 663 4298 ‘Schbpfer'
687 4229 758 4282 bfter
776 4227 819 4282 bei
836 4227 906 4281 Cia:
935 4245 973 4280 or.
993 4245 1017 4296 p.
1038 4227 1117 4279 Rosc.
1136 4227 1228 4278 Amor.
1248 4227 1290 4285 45,

129 4303 177 4351 132
196 4299 378 4352 architectum
396 4303 423 4352 et
447 4298 661 4352 machinatorem
691 4314 777 4351 unum
795 4305 859 4350 'esse
882 4295 1101 4364 Chrysogonum.
1137 4313 1162 4362 p.
1182 4291 1288 4346 Cluent.

127 4371 169 4430 22,
182 4371 215 4420 60
231 4366 382 4438 principem
401 4369 482 4436 atque
500 4366 680 4420 architectum
698 4364 810 4418 sceleris.
829 4365 908 4418 Brut.
921 4367 962 4424 31,
978 4367 1027 4416 118
1046 4360 1190 4414 architecti
1206 4377 1291 4430 paene
