<?xml version="1.0" encoding="UTF-8"?>
<!DOCTYPE html PUBLIC "-//W3C//DTD XHTML 1.0 Transitional//EN"
    "http://www.w3.org/TR/xhtml1/DTD/xhtml1-transitional.dtd">
<html xmlns="http://www.w3.org/1999/xhtml" xml:lang="en" lang="en">
 <head>
  <title>
</title>
<meta http-equiv="Content-Type" content="text/html;charset=utf-8" />
  <meta name='ocr-system' content='tesseract 3.04.00' />
  <meta name='ocr-capabilities' content='ocr_page ocr_carea ocr_par ocr_line ocrx_word'/>
</head>
<body>
  <div class='ocr_page' id='page_1' title='image "./definibusbonoru00holsgoog_0098.png"; bbox 0 0 3020 4948; ppageno 0'>
   <div class='ocr_carea' id='block_1_1' title="bbox 226 313 1151 380">
    <p class='ocr_par' dir='ltr' id='par_1_1' title="bbox 226 313 1151 380">
     <span class='ocr_line' id='line_1_1' title="bbox 226 313 1151 380; baseline 0 -11"><span class='ocrx_word' id='word_1_1' title='bbox 226 319 266 380; x_wconf 76' lang='grc'>74</span> <span class='ocrx_word' id='word_1_2' title='bbox 456 315 507 370; x_wconf 79' lang='lat' dir='ltr'>Du</span> <span class='ocrx_word' id='word_1_3' title='bbox 524 314 675 370; x_wconf 77' lang='lat' dir='ltr'>FINIBUS</span> <span class='ocrx_word' id='word_1_4' title='bbox 694 313 878 370; x_wconf 83' lang='lat' dir='ltr'>BONORUM</span> <span class='ocrx_word' id='word_1_5' title='bbox 897 315 944 369; x_wconf 80' lang='grc' dir='ltr'>ΕΤ</span> <span class='ocrx_word' id='word_1_6' title='bbox 962 313 1151 370; x_wconf 82' lang='lat' dir='ltr'><strong>MALORUM</strong></span> 
     </span>
    </p>
   </div>
   <div class='ocr_carea' id='block_1_2' title="bbox 220 484 1390 2924">
    <p class='ocr_par' dir='ltr' id='par_1_2' title="bbox 224 484 1390 1892">
     <span class='ocr_line' id='line_1_2' title="bbox 227 484 1389 570; baseline 0 -20"><span class='ocrx_word' id='word_1_7' title='bbox 227 487 341 564; x_wconf 90' lang='lat' dir='ltr'>deum,</span> <span class='ocrx_word' id='word_1_8' title='bbox 368 491 547 569; x_wconf 87' lang='lat' dir='ltr'>contraque</span> <span class='ocrx_word' id='word_1_9' title='bbox 570 491 608 549; x_wconf 92' lang='lat' dir='ltr'>ut</span> <span class='ocrx_word' id='word_1_10' title='bbox 629 484 759 549; x_wconf 88' lang='lat' dir='ltr'>tardam</span> <span class='ocrx_word' id='word_1_11' title='bbox 782 484 924 569; x_wconf 76' lang='lat' dir='ltr'>aliquam</span> <span class='ocrx_word' id='word_1_12' title='bbox 952 491 986 548; x_wconf 89' lang='lat' dir='ltr'>et</span> <span class='ocrx_word' id='word_1_13' title='bbox 1008 486 1200 570; x_wconf 79' lang='lat' dir='ltr'>languidam</span> <span class='ocrx_word' id='word_1_14' title='bbox 1225 486 1389 570; x_wconf 79' lang='lat' dir='ltr'>pecudem</span> 
     </span>
     <span class='ocr_line' id='line_1_3' title="bbox 226 586 1390 672; baseline -0.002 -21"><span class='ocrx_word' id='word_1_15' title='bbox 226 588 268 653; x_wconf 88' lang='lat' dir='ltr'>ad</span> <span class='ocrx_word' id='word_1_16' title='bbox 290 594 422 672; x_wconf 86' lang='lat' dir='ltr'>pastum</span> <span class='ocrx_word' id='word_1_17' title='bbox 446 594 479 651; x_wconf 92' lang='lat' dir='ltr'>et</span> <span class='ocrx_word' id='word_1_18' title='bbox 503 587 544 651; x_wconf 86' lang='lat' dir='ltr'>ad</span> <span class='ocrx_word' id='word_1_19' title='bbox 567 586 761 672; x_wconf 88' lang='lat' dir='ltr'>procreandi</span> <span class='ocrx_word' id='word_1_20' title='bbox 784 587 990 670; x_wconf 85' lang='lat' dir='ltr'>voluptatem</span> <span class='ocrx_word' id='word_1_21' title='bbox 1013 589 1077 651; x_wconf 86' lang='lat' dir='ltr'>hoc</span> <span class='ocrx_word' id='word_1_22' title='bbox 1097 587 1243 652; x_wconf 84' lang='lat' dir='ltr'>divinum</span> <span class='ocrx_word' id='word_1_23' title='bbox 1262 587 1390 652; x_wconf 87' lang='lat' dir='ltr'>animal</span> 
     </span>
     <span class='ocr_line' id='line_1_4' title="bbox 226 687 1387 771; baseline -0.001 -18"><span class='ocrx_word' id='word_1_24' title='bbox 226 696 336 753; x_wconf 90' lang='lat' dir='ltr'>ortum</span> <span class='ocrx_word' id='word_1_25' title='bbox 368 711 439 753; x_wconf 90' lang='lat' dir='ltr'>esse</span> <span class='ocrx_word' id='word_1_26' title='bbox 471 690 664 766; x_wconf 88' lang='lat' dir='ltr'>voluerunt,</span> <span class='ocrx_word' id='word_1_27' title='bbox 703 711 767 771; x_wconf 93' lang='lat' dir='ltr'>quo</span> <span class='ocrx_word' id='word_1_28' title='bbox 800 687 883 752; x_wconf 87' lang='lat' dir='ltr'><strong>nihil</strong></span> <span class='ocrx_word' id='word_1_29' title='bbox 915 687 997 752; x_wconf 91' lang='lat' dir='ltr'>mihi</span> <span class='ocrx_word' id='word_1_30' title='bbox 1029 689 1161 753; x_wconf 88' lang='lat' dir='ltr'>videtur</span> <span class='ocrx_word' id='word_1_31' title='bbox 1197 688 1387 754; x_wconf 79' lang='lat' dir='ltr'>absurdius.</span> 
     </span>
     <span class='ocr_line' id='line_1_5' title="bbox 226 789 1387 875; baseline -0.003 -17"><span class='ocrx_word' id='word_1_32' title='bbox 226 789 287 875; x_wconf 85' lang='grc'><strong>(41)</strong></span> <span class='ocrx_word' id='word_1_33' title='bbox 311 793 423 874; x_wconf 83' lang='lat' dir='ltr'>Atque</span> <span class='ocrx_word' id='word_1_34' title='bbox 446 793 527 855; x_wconf 88' lang='lat' dir='ltr'>haee</span> <span class='ocrx_word' id='word_1_35' title='bbox 552 797 667 854; x_wconf 89' lang='lat' dir='ltr'>contra</span> <span class='ocrx_word' id='word_1_36' title='bbox 683 789 901 874; x_wconf 77' lang='lat' dir='ltr'>Aristippum,</span> <span class='ocrx_word' id='word_1_37' title='bbox 926 790 982 872; x_wconf 92' lang='lat' dir='ltr'>qui</span> <span class='ocrx_word' id='word_1_38' title='bbox 1006 812 1077 854; x_wconf 88' lang='lat' dir='ltr'>eam</span> <span class='ocrx_word' id='word_1_39' title='bbox 1095 791 1303 875; x_wconf 88' lang='lat' dir='ltr'>voluptatem</span> <span class='ocrx_word' id='word_1_40' title='bbox 1317 813 1387 854; x_wconf 89' lang='lat' dir='ltr'>non</span> 
     </span>
     <span class='ocr_line' id='line_1_6' title="bbox 225 891 1390 977; baseline 0 -19"><span class='ocrx_word' id='word_1_41' title='bbox 225 894 322 958; x_wconf 93' lang='lat' dir='ltr'>modo</span> <span class='ocrx_word' id='word_1_42' title='bbox 346 916 523 972; x_wconf 89' lang='lat' dir='ltr'>summam,</span> <span class='ocrx_word' id='word_1_43' title='bbox 553 893 611 956; x_wconf 90' lang='lat' dir='ltr'>sed</span> <span class='ocrx_word' id='word_1_44' title='bbox 639 893 744 956; x_wconf 88' lang='lat' dir='ltr'>solam</span> <span class='ocrx_word' id='word_1_45' title='bbox 767 892 867 955; x_wconf 90' lang='lat' dir='ltr'>etiam</span> <span class='ocrx_word' id='word_1_46' title='bbox 891 891 997 971; x_wconf 90' lang='lat' dir='ltr'>ducit,</span> <span class='ocrx_word' id='word_1_47' title='bbox 1028 915 1126 977; x_wconf 90' lang='lat' dir='ltr'>quam</span> <span class='ocrx_word' id='word_1_48' title='bbox 1149 916 1262 957; x_wconf 90' lang='lat' dir='ltr'>omnes</span> <span class='ocrx_word' id='word_1_49' title='bbox 1285 917 1390 958; x_wconf 88' lang='lat' dir='ltr'>unam</span> 
     </span>
     <span class='ocr_line' id='line_1_7' title="bbox 225 996 1388 1082; baseline 0 -21"><span class='ocrx_word' id='word_1_50' title='bbox 225 999 429 1082; x_wconf 80' lang='lat' dir='ltr'>appellamus</span> <span class='ocrx_word' id='word_1_51' title='bbox 446 998 662 1080; x_wconf 86' lang='lat' dir='ltr'>voluptatem.</span> <span class='ocrx_word' id='word_1_52' title='bbox 697 996 808 1060; x_wconf 80' lang='lat' dir='ltr'>Aliter</span> <span class='ocrx_word' id='word_1_53' title='bbox 830 1000 941 1059; x_wconf 84' lang='lat' dir='ltr'>autem</span> <span class='ocrx_word' id='word_1_54' title='bbox 956 996 1050 1060; x_wconf 88' lang='lat' dir='ltr'>vobis</span> <span class='ocrx_word' id='word_1_55' title='bbox 1073 997 1195 1082; x_wconf 89' lang='lat' dir='ltr'>placet.</span> <span class='ocrx_word' id='word_1_56' title='bbox 1230 997 1295 1061; x_wconf 88' lang='lat' dir='ltr'>Sed</span> <span class='ocrx_word' id='word_1_57' title='bbox 1313 997 1388 1076; x_wconf 90' lang='lat' dir='ltr'>ille,</span> 
     </span>
     <span class='ocr_line' id='line_1_8' title="bbox 224 1099 1389 1184; baseline -0.002 -20"><span class='ocrx_word' id='word_1_58' title='bbox 224 1109 263 1164; x_wconf 93' lang='lat' dir='ltr'>ut</span> <span class='ocrx_word' id='word_1_59' title='bbox 285 1101 364 1180; x_wconf 87' lang='lat' dir='ltr'>dixi,</span> <span class='ocrx_word' id='word_1_60' title='bbox 389 1099 519 1164; x_wconf 89' lang='lat' dir='ltr'>vitiose.</span> <span class='ocrx_word' id='word_1_61' title='bbox 553 1100 624 1163; x_wconf 92' lang='lat' dir='ltr'>Nec</span> <span class='ocrx_word' id='word_1_62' title='bbox 648 1099 736 1163; x_wconf 91' lang='lat' dir='ltr'>enim</span> <span class='ocrx_word' id='word_1_63' title='bbox 756 1101 862 1184; x_wconf 85' lang='lat' dir='ltr'>figura</span> <span class='ocrx_word' id='word_1_64' title='bbox 878 1099 1023 1183; x_wconf 90' lang='lat' dir='ltr'>corporis</span> <span class='ocrx_word' id='word_1_65' title='bbox 1039 1121 1100 1164; x_wconf 88' lang='lat' dir='ltr'>nec</span> <span class='ocrx_word' id='word_1_66' title='bbox 1115 1099 1199 1164; x_wconf 84' lang='lat' dir='ltr'>ratio</span> <span class='ocrx_word' id='word_1_67' title='bbox 1217 1101 1389 1164; x_wconf 82' lang='lat' dir='ltr'>excellens</span> 
     </span>
     <span class='ocr_line' id='line_1_9' title="bbox 224 1200 1388 1287; baseline -0.001 -20"><span class='ocrx_word' id='word_1_68' title='bbox 224 1202 349 1287; x_wconf 86' lang='lat' dir='ltr'>ingenii</span> <span class='ocrx_word' id='word_1_69' title='bbox 364 1201 499 1265; x_wconf 85' lang='lat' dir='ltr'>humani</span> <span class='ocrx_word' id='word_1_70' title='bbox 521 1200 689 1284; x_wconf 82' lang='lat' dir='ltr'>significat</span> <span class='ocrx_word' id='word_1_71' title='bbox 712 1201 753 1265; x_wconf 86' lang='lat' dir='ltr'>ad</span> <span class='ocrx_word' id='word_1_72' title='bbox 772 1223 870 1264; x_wconf 88' lang='lat' dir='ltr'>unam</span> <span class='ocrx_word' id='word_1_73' title='bbox 887 1202 972 1264; x_wconf 85' lang='lat' dir='ltr'>hanc</span> <span class='ocrx_word' id='word_1_74' title='bbox 988 1223 1058 1264; x_wconf 91' lang='grc'><strong>1111</strong></span> <span class='ocrx_word' id='word_1_75' title='bbox 1072 1208 1189 1265; x_wconf 87' lang='lat' dir='ltr'>natum</span> <span class='ocrx_word' id='word_1_76' title='bbox 1204 1202 1388 1282; x_wconf 86' lang='lat' dir='ltr'>hominem,</span> 
     </span>
     <span class='ocr_line' id='line_1_10' title="bbox 224 1303 1387 1388; baseline 0.001 -21"><span class='ocrx_word' id='word_1_77' title='bbox 224 1311 263 1368; x_wconf 90' lang='lat' dir='ltr'>ut</span> <span class='ocrx_word' id='word_1_78' title='bbox 285 1305 449 1368; x_wconf 83' lang='lat' dir='ltr'>frueretur</span> <span class='ocrx_word' id='word_1_79' title='bbox 472 1303 713 1386; x_wconf 86' lang='lat' dir='ltr'>voluptatibus.</span> <span class='ocrx_word' id='word_1_80' title='bbox 754 1304 826 1368; x_wconf 88' lang='lat' dir='ltr'>Neo</span> <span class='ocrx_word' id='word_1_81' title='bbox 849 1325 926 1368; x_wconf 87' lang='lat' dir='ltr'>vero</span> <span class='ocrx_word' id='word_1_82' title='bbox 950 1303 1132 1368; x_wconf 87' lang='lat' dir='ltr'>audiendus</span> <span class='ocrx_word' id='word_1_83' title='bbox 1149 1303 1387 1388; x_wconf 88' lang='lat' dir='ltr'>Hieronymus,</span> 
     </span>
     <span class='ocr_line' id='line_1_11' title="bbox 225 1403 1390 1488; baseline 0 -18"><span class='ocrx_word' id='word_1_84' title='bbox 225 1406 277 1470; x_wconf 89' lang='lat' dir='ltr'>cui</span> <span class='ocrx_word' id='word_1_85' title='bbox 300 1427 464 1469; x_wconf 90' lang='lat' dir='ltr'>summum</span> <span class='ocrx_word' id='word_1_86' title='bbox 487 1405 611 1468; x_wconf 92' lang='lat' dir='ltr'>bonum</span> <span class='ocrx_word' id='word_1_87' title='bbox 635 1412 686 1468; x_wconf 89' lang='lat' dir='ltr'>est</span> <span class='ocrx_word' id='word_1_88' title='bbox 708 1404 808 1483; x_wconf 91' lang='lat' dir='ltr'>idem,</span> <span class='ocrx_word' id='word_1_89' title='bbox 833 1405 919 1488; x_wconf 92' lang='lat' dir='ltr'>quod</span> <span class='ocrx_word' id='word_1_90' title='bbox 944 1428 1003 1468; x_wconf 90' lang='lat' dir='ltr'>vos</span> <span class='ocrx_word' id='word_1_91' title='bbox 1019 1403 1257 1470; x_wconf 63' lang='lat' dir='ltr'>interdum&#39;vel</span> <span class='ocrx_word' id='word_1_92' title='bbox 1273 1406 1390 1488; x_wconf 90' lang='lat' dir='ltr'>potius</span> 
     </span>
     <span class='ocr_line' id='line_1_12' title="bbox 224 1507 1390 1593; baseline 0.001 -21"><span class='ocrx_word' id='word_1_93' title='bbox 224 1508 360 1573; x_wconf 89' lang='lat' dir='ltr'>nimium</span> <span class='ocrx_word' id='word_1_94' title='bbox 384 1529 480 1593; x_wconf 86' lang='lat' dir='ltr'>saepe</span> <span class='ocrx_word' id='word_1_95' title='bbox 506 1507 627 1584; x_wconf 81' lang='lat' dir='ltr'>dicitis,</span> <span class='ocrx_word' id='word_1_96' title='bbox 652 1508 736 1572; x_wconf 89' lang='lat' dir='ltr'>nihil</span> <span class='ocrx_word' id='word_1_97' title='bbox 759 1508 882 1573; x_wconf 88' lang='lat' dir='ltr'>dolere.</span> <span class='ocrx_word' id='word_1_98' title='bbox 922 1509 1000 1572; x_wconf 87' lang='lat' dir='ltr'>Non</span> <span class='ocrx_word' id='word_1_99' title='bbox 1024 1509 1124 1582; x_wconf 89' lang='lat' dir='ltr'>enim,</span> <span class='ocrx_word' id='word_1_100' title='bbox 1149 1508 1177 1571; x_wconf 91' lang='lat' dir='ltr'>si</span> <span class='ocrx_word' id='word_1_101' title='bbox 1192 1509 1316 1572; x_wconf 90' lang='lat' dir='ltr'>malum</span> <span class='ocrx_word' id='word_1_102' title='bbox 1333 1518 1390 1573; x_wconf 88' lang='lat' dir='ltr'>est</span> 
     </span>
     <span class='ocr_line' id='line_1_13' title="bbox 224 1609 1389 1689; baseline 0.001 -15"><span class='ocrx_word' id='word_1_103' title='bbox 224 1611 333 1689; x_wconf 88' lang='lat' dir='ltr'>dolor,</span> <span class='ocrx_word' id='word_1_104' title='bbox 367 1631 475 1674; x_wconf 87' lang='lat' dir='ltr'>carere</span> <span class='ocrx_word' id='word_1_105' title='bbox 508 1631 546 1672; x_wconf 91' lang='lat' dir='ltr'>eo</span> <span class='ocrx_word' id='word_1_106' title='bbox 578 1610 665 1672; x_wconf 89' lang='lat' dir='ltr'>malo</span> <span class='ocrx_word' id='word_1_107' title='bbox 697 1609 778 1672; x_wconf 88' lang='lat' dir='ltr'>satis</span> <span class='ocrx_word' id='word_1_108' title='bbox 810 1617 862 1674; x_wconf 88' lang='lat' dir='ltr'>est</span> <span class='ocrx_word' id='word_1_109' title='bbox 895 1609 936 1673; x_wconf 88' lang='lat' dir='ltr'>ad</span> <span class='ocrx_word' id='word_1_110' title='bbox 963 1610 1047 1674; x_wconf 89' lang='lat' dir='ltr'>bene</span> <span class='ocrx_word' id='word_1_111' title='bbox 1075 1611 1262 1674; x_wconf 87' lang='lat' dir='ltr'>vivendum.</span> <span class='ocrx_word' id='word_1_112' title='bbox 1310 1610 1389 1676; x_wconf 87' lang='lat' dir='ltr'>Hoc</span> 
     </span>
     <span class='ocr_line' id='line_1_14' title="bbox 224 1713 645 1798; baseline -0.005 -21"><span class='ocrx_word' id='word_1_113' title='bbox 224 1713 344 1780; x_wconf 85' lang='lat' dir='ltr'>dixerit</span> <span class='ocrx_word' id='word_1_114' title='bbox 367 1714 478 1798; x_wconf 89' lang='lat' dir='ltr'>potius</span> <span class='ocrx_word' id='word_1_115' title='bbox 501 1713 645 1776; x_wconf 81' lang='lat' dir='ltr'>Ennius:</span> 
     </span>
     <span class='ocr_line' id='line_1_15' title="bbox 396 1813 1211 1892; baseline 0.001 -15"><span class='ocrx_word' id='word_1_116' title='bbox 396 1814 566 1878; x_wconf 79' lang='lat' dir='ltr'>Nimium</span> <span class='ocrx_word' id='word_1_117' title='bbox 588 1815 681 1878; x_wconf 93' lang='lat' dir='ltr'>boni</span> <span class='ocrx_word' id='word_1_118' title='bbox 704 1821 779 1892; x_wconf 88' lang='lat' dir='ltr'>est,</span> <span class='ocrx_word' id='word_1_119' title='bbox 805 1814 867 1877; x_wconf 89' lang='lat' dir='ltr'>cui</span> <span class='ocrx_word' id='word_1_120' title='bbox 889 1813 948 1877; x_wconf 83' lang='lat' dir='ltr'>nil</span> <span class='ocrx_word' id='word_1_121' title='bbox 971 1815 1106 1878; x_wconf 86' lang='lat' dir='ltr'>malist</span> <span class='ocrx_word' id='word_1_122' title='bbox 1123 1865 1130 1877; x_wconf 94' lang='lat'>.</span> <span class='ocrx_word' id='word_1_123' title='bbox 1150 1867 1157 1880; x_wconf 92' lang='lat'>.</span> <span class='ocrx_word' id='word_1_124' title='bbox 1178 1864 1211 1878; x_wconf 90' lang='lat'>..</span> 
     </span>
    </p>

    <p class='ocr_par' dir='ltr' id='par_1_3' title="bbox 220 1915 1388 2924">
     <span class='ocr_line' id='line_1_16' title="bbox 225 1915 1382 2000; baseline -0.003 -18"><span class='ocrx_word' id='word_1_125' title='bbox 225 1919 297 1982; x_wconf 89' lang='lat' dir='ltr'>Nos</span> <span class='ocrx_word' id='word_1_126' title='bbox 321 1919 453 1982; x_wconf 88' lang='lat' dir='ltr'>beatam</span> <span class='ocrx_word' id='word_1_127' title='bbox 476 1916 579 1980; x_wconf 89' lang='lat' dir='ltr'>vitam</span> <span class='ocrx_word' id='word_1_128' title='bbox 603 1939 670 1979; x_wconf 90' lang='lat' dir='ltr'>non</span> <span class='ocrx_word' id='word_1_129' title='bbox 693 1915 883 2000; x_wconf 78' lang='lat' dir='ltr'>depulsione</span> <span class='ocrx_word' id='word_1_130' title='bbox 907 1916 1002 1994; x_wconf 88' lang='lat' dir='ltr'>mali,</span> <span class='ocrx_word' id='word_1_131' title='bbox 1027 1916 1085 1980; x_wconf 91' lang='lat' dir='ltr'>sed</span> <span class='ocrx_word' id='word_1_132' title='bbox 1108 1916 1283 2000; x_wconf 73' lang='lat' dir='ltr'>adeptione</span> <span class='ocrx_word' id='word_1_133' title='bbox 1306 1916 1382 1980; x_wconf 89' lang='lat' dir='ltr'>boni</span> 
     </span>
     <span class='ocr_line' id='line_1_17' title="bbox 222 2019 1378 2106; baseline -0.003 -21"><span class='ocrx_word' id='word_1_134' title='bbox 222 2021 416 2100; x_wconf 88' lang='lat' dir='ltr'>iudicemus,</span> <span class='ocrx_word' id='word_1_135' title='bbox 441 2041 502 2084; x_wconf 90' lang='lat' dir='ltr'>nec</span> <span class='ocrx_word' id='word_1_136' title='bbox 523 2041 595 2084; x_wconf 89' lang='lat' dir='ltr'>eam</span> <span class='ocrx_word' id='word_1_137' title='bbox 611 2020 782 2098; x_wconf 88' lang='lat' dir='ltr'>cessando,</span> <span class='ocrx_word' id='word_1_138' title='bbox 808 2019 876 2106; x_wconf 91' lang='lat' dir='ltr'>sive</span> <span class='ocrx_word' id='word_1_139' title='bbox 892 2019 1105 2102; x_wconf 81' lang='lat' dir='ltr'>gaudentem,</span> <span class='ocrx_word' id='word_1_140' title='bbox 1127 2025 1165 2083; x_wconf 92' lang='lat' dir='ltr'>ut</span> <span class='ocrx_word' id='word_1_141' title='bbox 1180 2019 1378 2104; x_wconf 82' lang='lat' dir='ltr'>Aristippus,</span> 
     </span>
     <span class='ocr_line' id='line_1_18' title="bbox 223 2121 1384 2205; baseline 0 -19"><span class='ocrx_word' id='word_1_142' title='bbox 223 2123 292 2188; x_wconf 84' lang='lat' dir='ltr'>sive</span> <span class='ocrx_word' id='word_1_143' title='bbox 307 2146 373 2188; x_wconf 92' lang='lat' dir='ltr'>non</span> <span class='ocrx_word' id='word_1_144' title='bbox 390 2123 571 2200; x_wconf 89' lang='lat' dir='ltr'>dolentem,</span> <span class='ocrx_word' id='word_1_145' title='bbox 595 2130 634 2185; x_wconf 87' lang='lat' dir='ltr'>ut</span> <span class='ocrx_word' id='word_1_146' title='bbox 649 2121 714 2201; x_wconf 87' lang='lat' dir='ltr'>hic,</span> <span class='ocrx_word' id='word_1_147' title='bbox 741 2122 799 2186; x_wconf 89' lang='lat' dir='ltr'>sed</span> <span class='ocrx_word' id='word_1_148' title='bbox 815 2122 943 2205; x_wconf 90' lang='lat' dir='ltr'>agendo</span> <span class='ocrx_word' id='word_1_149' title='bbox 964 2122 1088 2205; x_wconf 89' lang='lat' dir='ltr'>aliquid</span> <span class='ocrx_word' id='word_1_150' title='bbox 1105 2123 1384 2187; x_wconf 78' lang='lat' dir='ltr'>considerandove</span> 
     </span>
     <span class='ocr_line' id='line_1_19' title="bbox 223 2221 1387 2309; baseline 0 -21"><span class='ocrx_word' id='word_1_151' title='bbox 223 2247 429 2309; x_wconf 88' lang='lat' dir='ltr'>quaeramus.</span> <span class='ocrx_word' id='word_1_152' title='bbox 476 2221 543 2307; x_wconf 85' lang='grc'><strong>(42)</strong></span> <span class='ocrx_word' id='word_1_153' title='bbox 572 2223 665 2288; x_wconf 80' lang='lat' dir='ltr'>Quae</span> <span class='ocrx_word' id='word_1_154' title='bbox 697 2228 838 2307; x_wconf 87' lang='lat' dir='ltr'>possunt</span> <span class='ocrx_word' id='word_1_155' title='bbox 869 2223 983 2289; x_wconf 84' lang='lat' dir='ltr'>eadem</span> <span class='ocrx_word' id='word_1_156' title='bbox 1016 2231 1131 2287; x_wconf 87' lang='lat' dir='ltr'>contra</span> <span class='ocrx_word' id='word_1_157' title='bbox 1159 2223 1387 2288; x_wconf 84' lang='lat' dir='ltr'>Carneadeum</span> 
     </span>
     <span class='ocr_line' id='line_1_20' title="bbox 222 2326 1384 2411; baseline 0.001 -22"><span class='ocrx_word' id='word_1_158' title='bbox 222 2328 306 2392; x_wconf 90' lang='lat' dir='ltr'>illud</span> <span class='ocrx_word' id='word_1_159' title='bbox 330 2350 494 2392; x_wconf 89' lang='lat' dir='ltr'>summum</span> <span class='ocrx_word' id='word_1_160' title='bbox 521 2328 646 2391; x_wconf 91' lang='lat' dir='ltr'>bonum</span> <span class='ocrx_word' id='word_1_161' title='bbox 674 2326 754 2406; x_wconf 91' lang='lat' dir='ltr'>diei,</span> <span class='ocrx_word' id='word_1_162' title='bbox 784 2327 873 2411; x_wconf 93' lang='lat' dir='ltr'>quod</span> <span class='ocrx_word' id='word_1_163' title='bbox 900 2326 928 2390; x_wconf 92' lang='lat' dir='ltr'>is</span> <span class='ocrx_word' id='word_1_164' title='bbox 951 2350 1016 2391; x_wconf 91' lang='lat' dir='ltr'>non</span> <span class='ocrx_word' id='word_1_165' title='bbox 1039 2333 1125 2406; x_wconf 87' lang='lat' dir='ltr'>tam,</span> <span class='ocrx_word' id='word_1_166' title='bbox 1156 2335 1193 2390; x_wconf 88' lang='lat' dir='ltr'>ut</span> <span class='ocrx_word' id='word_1_167' title='bbox 1217 2328 1384 2410; x_wconf 87' lang='lat' dir='ltr'>probaret,</span> 
     </span>
     <span class='ocr_line' id='line_1_21' title="bbox 221 2422 1387 2516; baseline 0 -22"><span class='ocrx_word' id='word_1_168' title='bbox 221 2431 371 2514; x_wconf 88' lang='lat' dir='ltr'>protulit,</span> <span class='ocrx_word' id='word_1_169' title='bbox 397 2422 495 2514; x_wconf 87' lang='lat' dir='ltr'>quam</span> <span class='ocrx_word' id='word_1_170' title='bbox 517 2437 556 2494; x_wconf 90' lang='lat' dir='ltr'>ut</span> <span class='ocrx_word' id='word_1_171' title='bbox 579 2430 711 2508; x_wconf 81' lang='lat' dir='ltr'>Stoicis,</span> <span class='ocrx_word' id='word_1_172' title='bbox 737 2430 934 2512; x_wconf 87' lang='lat' dir='ltr'>quibuscum</span> <span class='ocrx_word' id='word_1_173' title='bbox 956 2430 1258 2516; x_wconf 64' lang='lat' dir='ltr'>bellumlgerebat,</span> <span class='ocrx_word' id='word_1_174' title='bbox 1284 2452 1387 2514; x_wconf 88' lang='lat' dir='ltr'>oppo-</span> 
     </span>
     <span class='ocr_line' id='line_1_22' title="bbox 220 2531 1388 2612; baseline 0 -16"><span class='ocrx_word' id='word_1_175' title='bbox 220 2539 325 2596; x_wconf 88' lang='lat' dir='ltr'>neret.</span> <span class='ocrx_word' id='word_1_176' title='bbox 372 2531 414 2596; x_wconf 93' lang='lat' dir='ltr'>Id</span> <span class='ocrx_word' id='word_1_177' title='bbox 446 2538 557 2595; x_wconf 87' lang='lat' dir='ltr'>autem</span> <span class='ocrx_word' id='word_1_178' title='bbox 590 2533 659 2596; x_wconf 91' lang='lat' dir='ltr'>eius</span> <span class='ocrx_word' id='word_1_179' title='bbox 691 2532 781 2596; x_wconf 91' lang='lat' dir='ltr'>modi</span> <span class='ocrx_word' id='word_1_180' title='bbox 813 2541 880 2612; x_wconf 89' lang='lat' dir='ltr'>est,</span> <span class='ocrx_word' id='word_1_181' title='bbox 914 2539 953 2596; x_wconf 92' lang='lat' dir='ltr'>ut</span> <span class='ocrx_word' id='word_1_182' title='bbox 980 2532 1130 2597; x_wconf 90' lang='lat' dir='ltr'>additum</span> <span class='ocrx_word' id='word_1_183' title='bbox 1158 2531 1200 2598; x_wconf 83' lang='lat' dir='ltr'>ad</span> <span class='ocrx_word' id='word_1_184' title='bbox 1225 2533 1388 2596; x_wconf 84' lang='lat' dir='ltr'>virtutem</span> 
     </span>
     <span class='ocr_line' id='line_1_23' title="bbox 221 2635 1388 2721; baseline 0.002 -23"><span class='ocrx_word' id='word_1_185' title='bbox 221 2636 453 2700; x_wconf 86' lang='lat' dir='ltr'>auctoritatem</span> <span class='ocrx_word' id='word_1_186' title='bbox 489 2635 640 2699; x_wconf 87' lang='lat' dir='ltr'>videatur</span> <span class='ocrx_word' id='word_1_187' title='bbox 676 2635 867 2700; x_wconf 85' lang='lat' dir='ltr'>habiturum</span> <span class='ocrx_word' id='word_1_188' title='bbox 905 2643 940 2700; x_wconf 92' lang='lat' dir='ltr'>et</span> <span class='ocrx_word' id='word_1_189' title='bbox 972 2636 1178 2721; x_wconf 86' lang='lat' dir='ltr'>expleturum</span> <span class='ocrx_word' id='word_1_190' title='bbox 1216 2636 1388 2700; x_wconf 84' lang='lat' dir='ltr'>cumulate</span> 
     </span>
     <span class='ocr_line' id='line_1_24' title="bbox 222 2737 1385 2822; baseline 0.003 -22"><span class='ocrx_word' id='word_1_191' title='bbox 222 2737 327 2801; x_wconf 85' lang='lat' dir='ltr'>vitam</span> <span class='ocrx_word' id='word_1_192' title='bbox 349 2738 493 2816; x_wconf 86' lang='lat' dir='ltr'>beatam,</span> <span class='ocrx_word' id='word_1_193' title='bbox 518 2739 558 2802; x_wconf 91' lang='lat' dir='ltr'>de</span> <span class='ocrx_word' id='word_1_194' title='bbox 583 2761 646 2821; x_wconf 92' lang='lat' dir='ltr'>quo</span> <span class='ocrx_word' id='word_1_195' title='bbox 664 2738 777 2802; x_wconf 90' lang='lat' dir='ltr'>omnis</span> <span class='ocrx_word' id='word_1_196' title='bbox 800 2741 882 2803; x_wconf 90' lang='lat' dir='ltr'>haec</span> <span class='ocrx_word' id='word_1_197' title='bbox 907 2738 1036 2822; x_wconf 87' lang='lat' dir='ltr'>questio</span> <span class='ocrx_word' id='word_1_198' title='bbox 1061 2746 1123 2803; x_wconf 87' lang='lat' dir='ltr'>est.</span> <span class='ocrx_word' id='word_1_199' title='bbox 1157 2739 1245 2803; x_wconf 92' lang='lat' dir='ltr'>Nam</span> <span class='ocrx_word' id='word_1_200' title='bbox 1270 2738 1324 2822; x_wconf 93' lang='lat' dir='ltr'>qui</span> <span class='ocrx_word' id='word_1_201' title='bbox 1342 2741 1385 2804; x_wconf 87' lang='lat' dir='ltr'>ud</span> 
     </span>
     <span class='ocr_line' id='line_1_25' title="bbox 221 2838 1386 2924; baseline 0.002 -22"><span class='ocrx_word' id='word_1_202' title='bbox 221 2839 380 2902; x_wconf 89' lang='lat' dir='ltr'>virtutem</span> <span class='ocrx_word' id='word_1_203' title='bbox 395 2838 583 2922; x_wconf 80' lang='lat' dir='ltr'>adiungunt</span> <span class='ocrx_word' id='word_1_204' title='bbox 598 2841 652 2903; x_wconf 83' lang='lat' dir='ltr'>vel</span> <span class='ocrx_word' id='word_1_205' title='bbox 668 2841 887 2923; x_wconf 88' lang='lat' dir='ltr'>voluptatem,</span> <span class='ocrx_word' id='word_1_206' title='bbox 907 2863 1004 2924; x_wconf 89' lang='lat' dir='ltr'>quam</span> <span class='ocrx_word' id='word_1_207' title='bbox 1020 2863 1117 2905; x_wconf 85' lang='lat' dir='ltr'>unam</span> <span class='ocrx_word' id='word_1_208' title='bbox 1134 2841 1240 2905; x_wconf 89' lang='lat' dir='ltr'>virtus</span> <span class='ocrx_word' id='word_1_209' title='bbox 1256 2840 1386 2904; x_wconf 91' lang='lat' dir='ltr'>minimi</span> 
     </span>
    </p>
   </div>
   <div class='ocr_carea' id='block_1_3' title="bbox 219 3077 1385 4389">
    <p class='ocr_par' dir='ltr' id='par_1_4' title="bbox 220 3077 1385 3355">
     <span class='ocr_line' id='line_1_26' title="bbox 222 3077 1383 3152; baseline 0.002 -21"><span class='ocrx_word' id='word_1_210' title='bbox 222 3096 279 3132; x_wconf 89' lang='lat' dir='ltr'>nea.</span> <span class='ocrx_word' id='word_1_211' title='bbox 304 3077 410 3132; x_wconf 84' lang='lat' dir='ltr'>Anders</span> <span class='ocrx_word' id='word_1_212' title='bbox 429 3078 472 3133; x_wconf 87' lang='lat' dir='ltr'>bei</span> <span class='ocrx_word' id='word_1_213' title='bbox 489 3079 594 3142; x_wconf 80' lang='lat' dir='ltr'>Livius,</span> <span class='ocrx_word' id='word_1_214' title='bbox 613 3097 653 3133; x_wconf 87' lang='lat' dir='ltr'>wo</span> <span class='ocrx_word' id='word_1_215' title='bbox 672 3079 720 3133; x_wconf 86' lang='lat' dir='ltr'>das</span> <span class='ocrx_word' id='word_1_216' title='bbox 739 3079 827 3134; x_wconf 89' lang='lat' dir='ltr'>blosse</span> <span class='ocrx_word' id='word_1_217' title='bbox 844 3079 1013 3136; x_wconf 83' lang='lat' dir='ltr'>Gerundium</span> <span class='ocrx_word' id='word_1_218' title='bbox 1033 3081 1222 3152; x_wconf 86' lang='lat' dir='ltr'>appositionell</span> <span class='ocrx_word' id='word_1_219' title='bbox 1240 3081 1289 3135; x_wconf 87' lang='lat' dir='ltr'>auf</span> <span class='ocrx_word' id='word_1_220' title='bbox 1302 3080 1383 3134; x_wconf 86' lang='lat' dir='ltr'>einen</span> 
     </span>
     <span class='ocr_line' id='line_1_27' title="bbox 222 3146 1383 3232; baseline 0.003 -32"><span class='ocrx_word' id='word_1_221' title='bbox 222 3146 393 3202; x_wconf 85' lang='lat' dir='ltr'>adverbialen</span> <span class='ocrx_word' id='word_1_222' title='bbox 411 3147 557 3202; x_wconf 86' lang='lat' dir='ltr'>Ausdruck</span> <span class='ocrx_word' id='word_1_223' title='bbox 574 3149 692 3218; x_wconf 84' lang='lat' dir='ltr'>benogen</span> <span class='ocrx_word' id='word_1_224' title='bbox 711 3148 793 3213; x_wconf 82' lang='grc'><strong>111111,</strong></span> <span class='ocrx_word' id='word_1_225' title='bbox 821 3167 844 3203; x_wconf 86' lang='lat' dir='ltr'>z.</span> <span class='ocrx_word' id='word_1_226' title='bbox 862 3150 894 3204; x_wconf 89' lang='grc' dir='ltr'>Β.</span> <span class='ocrx_word' id='word_1_227' title='bbox 912 3149 983 3204; x_wconf 87' lang='lat' dir='ltr'>XXI</span> <span class='ocrx_word' id='word_1_228' title='bbox 1000 3155 1024 3214; x_wconf 90' lang='lat'>4,</span> <span class='ocrx_word' id='word_1_229' title='bbox 1044 3155 1059 3203; x_wconf 85' lang='lat'><strong>3</strong></span> <span class='ocrx_word' id='word_1_230' title='bbox 1078 3169 1134 3203; x_wconf 91' lang='lat' dir='ltr'>nun</span> <span class='ocrx_word' id='word_1_231' title='bbox 1154 3169 1218 3204; x_wconf 88' lang='lat' dir='ltr'>uam</span> <span class='ocrx_word' id='word_1_232' title='bbox 1241 3149 1383 3232; x_wconf 75' lang='lat' dir='ltr'>ingenium</span> 
     </span>
     <span class='ocr_line' id='line_1_28' title="bbox 221 3215 1385 3288; baseline 0.003 -19"><span class='ocrx_word' id='word_1_233' title='bbox 221 3216 292 3272; x_wconf 88' lang='lat' dir='ltr'>idem</span> <span class='ocrx_word' id='word_1_234' title='bbox 312 3215 346 3269; x_wconf 88' lang='lat' dir='ltr'>ad</span> <span class='ocrx_word' id='word_1_235' title='bbox 364 3235 405 3270; x_wconf 97' lang='grc'>111</span> <span class='ocrx_word' id='word_1_236' title='bbox 419 3216 624 3280; x_wconf 85' lang='lat' dir='ltr'>diversissimas,</span> <span class='ocrx_word' id='word_1_237' title='bbox 643 3217 793 3288; x_wconf 86' lang='lat' dir='ltr'>parendum</span> <span class='ocrx_word' id='word_1_238' title='bbox 806 3221 888 3288; x_wconf 90' lang='lat' dir='ltr'>atque</span> <span class='ocrx_word' id='word_1_239' title='bbox 900 3218 1097 3288; x_wconf 86' lang='lat' dir='ltr'>imperandum,</span> <span class='ocrx_word' id='word_1_240' title='bbox 1116 3219 1151 3273; x_wconf 87' lang='lat' dir='ltr'>ha</span> <span class='ocrx_word' id='word_1_241' title='bbox 1171 3219 1234 3273; x_wconf 90' lang='lat' dir='ltr'>ilius</span> <span class='ocrx_word' id='word_1_242' title='bbox 1246 3220 1307 3274; x_wconf 81' lang='lat' dir='ltr'>fuit.</span> <span class='ocrx_word' id='word_1_243' title='bbox 1325 3217 1385 3272; x_wconf 83' lang='lat' dir='ltr'>Ilin</span> 
     </span>
     <span class='ocr_line' id='line_1_29' title="bbox 220 3285 951 3355; baseline 0.003 -17"><span class='ocrx_word' id='word_1_244' title='bbox 220 3285 337 3355; x_wconf 75' lang='lat' dir='ltr'>Beispiel</span> <span class='ocrx_word' id='word_1_245' title='bbox 355 3285 400 3340; x_wconf 80' lang='grc'><strong>1111</strong></span> <span class='ocrx_word' id='word_1_246' title='bbox 419 3285 467 3339; x_wconf 88' lang='lat' dir='ltr'>das</span> <span class='ocrx_word' id='word_1_247' title='bbox 486 3286 675 3341; x_wconf 76' lang='lat' dir='ltr'>Gerundivum</span> <span class='ocrx_word' id='word_1_248' title='bbox 692 3286 735 3340; x_wconf 91' lang='lat' dir='ltr'>bei</span> <span class='ocrx_word' id='word_1_249' title='bbox 754 3287 813 3341; x_wconf 86' lang='lat' dir='ltr'>Liv.</span> <span class='ocrx_word' id='word_1_250' title='bbox 832 3289 847 3341; x_wconf 92' lang='lat' dir='ltr'>I</span> <span class='ocrx_word' id='word_1_251' title='bbox 866 3292 907 3348; x_wconf 88' lang='grc'>56,</span> <span class='ocrx_word' id='word_1_252' title='bbox 926 3292 951 3341; x_wconf 88' lang='grc'>2.</span> 
     </span>
    </p>

    <p class='ocr_par' dir='ltr' id='par_1_5' title="bbox 220 3353 1384 3974">
     <span class='ocr_line' id='line_1_30' title="bbox 289 3353 1384 3426; baseline 0.003 -19"><span class='ocrx_word' id='word_1_253' title='bbox 289 3353 337 3408; x_wconf 80' lang='grc'>41.</span> <span class='ocrx_word' id='word_1_254' title='bbox 362 3355 430 3409; x_wconf 89' lang='lat' dir='ltr'>Nec</span> <span class='ocrx_word' id='word_1_255' title='bbox 447 3373 524 3424; x_wconf 79' lang='lat' dir='ltr'>vero</span> <span class='ocrx_word' id='word_1_256' title='bbox 543 3355 737 3409; x_wconf 84' lang='lat' dir='ltr'>audiendus</span> <span class='ocrx_word' id='word_1_257' title='bbox 755 3357 1006 3425; x_wconf 86' lang='lat' dir='ltr'>Hieronymus:</span> <span class='ocrx_word' id='word_1_258' title='bbox 1027 3354 1059 3409; x_wconf 92' lang='lat' dir='ltr'>de</span> <span class='ocrx_word' id='word_1_259' title='bbox 1078 3355 1155 3410; x_wconf 88' lang='lat' dir='ltr'>amic.</span> <span class='ocrx_word' id='word_1_260' title='bbox 1177 3359 1216 3418; x_wconf 87' lang='lat'>13,</span> <span class='ocrx_word' id='word_1_261' title='bbox 1234 3359 1268 3409; x_wconf 84' lang='lat'>48</span> <span class='ocrx_word' id='word_1_262' title='bbox 1285 3353 1384 3426; x_wconf 87' lang='lat' dir='ltr'>Neque</span> 
     </span>
     <span class='ocr_line' id='line_1_31' title="bbox 221 3422 1382 3493; baseline 0.002 -17"><span class='ocrx_word' id='word_1_263' title='bbox 221 3423 292 3477; x_wconf 89' lang='lat' dir='ltr'>enim</span> <span class='ocrx_word' id='word_1_264' title='bbox 310 3427 376 3476; x_wconf 89' lang='grc'><strong>1111</strong></span> <span class='ocrx_word' id='word_1_265' title='bbox 393 3423 441 3477; x_wconf 84' lang='grc'><strong>1111</strong></span> <span class='ocrx_word' id='word_1_266' title='bbox 458 3422 596 3486; x_wconf 86' lang='lat' dir='ltr'>audiendi,</span> <span class='ocrx_word' id='word_1_267' title='bbox 615 3425 662 3493; x_wconf 92' lang='lat' dir='ltr'>qui</span> <span class='ocrx_word' id='word_1_268' title='bbox 680 3428 730 3477; x_wconf 88' lang='lat' dir='ltr'>etc.</span> <span class='ocrx_word' id='word_1_269' title='bbox 817 3424 971 3478; x_wconf 87' lang='lat' dir='ltr'>Nimium</span> <span class='ocrx_word' id='word_1_270' title='bbox 993 3423 1075 3478; x_wconf 91' lang='lat' dir='ltr'>boni</span> <span class='ocrx_word' id='word_1_271' title='bbox 1093 3428 1146 3478; x_wconf 87' lang='lat' dir='ltr'>est</span> <span class='ocrx_word' id='word_1_272' title='bbox 1165 3428 1214 3478; x_wconf 88' lang='lat' dir='ltr'>etc.</span> <span class='ocrx_word' id='word_1_273' title='bbox 1250 3423 1330 3478; x_wconf 88' lang='lat' dir='ltr'>Naoh</span> <span class='ocrx_word' id='word_1_274' title='bbox 1348 3423 1382 3478; x_wconf 91' lang='grc' dir='ltr'>Ο.</span> 
     </span>
     <span class='ocr_line' id='line_1_32' title="bbox 220 3491 1382 3563; baseline 0 -17"><span class='ocrx_word' id='word_1_275' title='bbox 220 3491 343 3546; x_wconf 85' lang='lat' dir='ltr'>Ribbeck</span> <span class='ocrx_word' id='word_1_276' title='bbox 361 3496 431 3563; x_wconf 86' lang='lat' dir='ltr'>trag.</span> <span class='ocrx_word' id='word_1_277' title='bbox 451 3493 531 3547; x_wconf 89' lang='lat' dir='ltr'>Rom.</span> <span class='ocrx_word' id='word_1_278' title='bbox 550 3493 648 3562; x_wconf 84' lang='lat' dir='ltr'>fragm.</span> <span class='ocrx_word' id='word_1_279' title='bbox 667 3493 738 3545; x_wconf 81' lang='lat' dir='ltr'>Eun.</span> <span class='ocrx_word' id='word_1_280' title='bbox 757 3511 781 3544; x_wconf 88' lang='lat' dir='ltr'>v.</span> <span class='ocrx_word' id='word_1_281' title='bbox 801 3495 851 3545; x_wconf 79' lang='lat'>354</span> <span class='ocrx_word' id='word_1_282' title='bbox 869 3493 907 3546; x_wconf 88' lang='lat' dir='ltr'>ist</span> <span class='ocrx_word' id='word_1_283' title='bbox 926 3492 973 3546; x_wconf 90' lang='lat' dir='ltr'>der</span> <span class='ocrx_word' id='word_1_284' title='bbox 990 3493 1058 3547; x_wconf 76' lang='lat' dir='ltr'>Vens</span> <span class='ocrx_word' id='word_1_285' title='bbox 1077 3511 1106 3547; x_wconf 90' lang='lat' dir='ltr'>so</span> <span class='ocrx_word' id='word_1_286' title='bbox 1125 3512 1159 3547; x_wconf 87' lang='lat' dir='ltr'>zu</span> <span class='ocrx_word' id='word_1_287' title='bbox 1177 3492 1382 3547; x_wconf 71' lang='lat' dir='ltr'>vervollstdndi·</span> 
     </span>
     <span class='ocr_line' id='line_1_33' title="bbox 220 3560 1381 3632; baseline 0.002 -18"><span class='ocrx_word' id='word_1_288' title='bbox 220 3579 286 3630; x_wconf 83' lang='lat' dir='ltr'>gen:</span> <span class='ocrx_word' id='word_1_289' title='bbox 306 3560 351 3614; x_wconf 90' lang='lat' dir='ltr'>cui</span> <span class='ocrx_word' id='word_1_290' title='bbox 368 3561 408 3614; x_wconf 92' lang='lat' dir='ltr'>nil</span> <span class='ocrx_word' id='word_1_291' title='bbox 425 3561 490 3614; x_wconf 90' lang='lat' dir='ltr'>mali</span> <span class='ocrx_word' id='word_1_292' title='bbox 509 3561 545 3614; x_wconf 89' lang='lat' dir='ltr'>sit</span> <span class='ocrx_word' id='word_1_293' title='bbox 563 3560 592 3614; x_wconf 92' lang='lat' dir='ltr'>in</span> <span class='ocrx_word' id='word_1_294' title='bbox 611 3561 690 3613; x_wconf 88' lang='lat' dir='ltr'>diem.</span> <span class='ocrx_word' id='word_1_295' title='bbox 708 3562 747 3614; x_wconf 81' lang='lat' dir='ltr'>Er</span> <span class='ocrx_word' id='word_1_296' title='bbox 765 3561 802 3614; x_wconf 89' lang='lat' dir='ltr'>ist</span> <span class='ocrx_word' id='word_1_297' title='bbox 821 3579 871 3614; x_wconf 85' lang='lat' dir='ltr'>aus</span> <span class='ocrx_word' id='word_1_298' title='bbox 890 3561 937 3616; x_wconf 87' lang='lat' dir='ltr'>der</span> <span class='ocrx_word' id='word_1_299' title='bbox 949 3561 1062 3616; x_wconf 84' lang='lat' dir='ltr'>Hecuba</span> <span class='ocrx_word' id='word_1_300' title='bbox 1080 3562 1128 3617; x_wconf 90' lang='lat' dir='ltr'>des</span> <span class='ocrx_word' id='word_1_301' title='bbox 1146 3560 1252 3616; x_wconf 86' lang='lat' dir='ltr'>l&#39;lnuius</span> <span class='ocrx_word' id='word_1_302' title='bbox 1270 3579 1381 3632; x_wconf 83' lang='lat' dir='ltr'>genom-</span> 
     </span>
     <span class='ocr_line' id='line_1_34' title="bbox 220 3627 1383 3699; baseline 0.003 -17"><span class='ocrx_word' id='word_1_303' title='bbox 220 3648 283 3685; x_wconf 90' lang='lat' dir='ltr'>men</span> <span class='ocrx_word' id='word_1_304' title='bbox 301 3627 357 3683; x_wconf 89' lang='lat' dir='ltr'>und</span> <span class='ocrx_word' id='word_1_305' title='bbox 376 3629 527 3699; x_wconf 87' lang='lat' dir='ltr'>eutspricht</span> <span class='ocrx_word' id='word_1_306' title='bbox 545 3628 597 3682; x_wconf 91' lang='lat' dir='ltr'>den</span> <span class='ocrx_word' id='word_1_307' title='bbox 614 3627 728 3683; x_wconf 88' lang='lat' dir='ltr'>Worten</span> <span class='ocrx_word' id='word_1_308' title='bbox 747 3628 793 3682; x_wconf 88' lang='lat' dir='ltr'>des</span> <span class='ocrx_word' id='word_1_309' title='bbox 810 3629 955 3699; x_wconf 78' lang='lat' dir='ltr'>Euripides</span> <span class='ocrx_word' id='word_1_310' title='bbox 973 3630 1141 3684; x_wconf 81' lang='grc' dir='ltr'><strong>Η11.1.622</strong></span> <span class='ocrx_word' id='word_1_311' title='bbox 1161 3635 1265 3684; x_wconf 79' lang='grc'><strong>16231</strong></span> <span class='ocrx_word' id='word_1_312' title='bbox 1285 3641 1383 3695; x_wconf 79' lang='grc' dir='ltr'><strong><em>κεῖνος</em></strong></span> 
     </span>
     <span class='ocr_line' id='line_1_35' title="bbox 221 3689 1378 3820; baseline 0.002 -68"><span class='ocrx_word' id='word_1_313' title='bbox 221 3698 253 3752; x_wconf 76' lang='lat' dir='ltr'>di</span> <span class='ocrx_word' id='word_1_314' title='bbox 275 3697 394 3777; x_wconf 76' lang='grc' dir='ltr'><strong><em>ιώτᾳτος</em></strong></span> <span class='ocrx_word' id='word_1_315' title='bbox 407 3697 553 3778; x_wconf 60' lang='lat' dir='ltr'>‘&#39;Ospuus&#39;</span> <span class='ocrx_word' id='word_1_316' title='bbox 575 3689 653 3780; x_wconf 61' lang='lat' dir='ltr'>&#39;dimi’</span> <span class='ocrx_word' id='word_1_317' title='bbox 673 3698 807 3820; x_wconf 62' lang='grc' dir='ltr'><strong>111γέ111111</strong></span> <span class='ocrx_word' id='word_1_318' title='bbox 825 3699 914 3772; x_wconf 78' lang='grc' dir='ltr'><em>μηδὲν</em></span> <span class='ocrx_word' id='word_1_319' title='bbox 934 3700 1031 3756; x_wconf 78' lang='grc' dir='ltr'><strong>κακόν.</strong></span> <span class='ocrx_word' id='word_1_320' title='bbox 1125 3699 1328 3781; x_wconf 32' lang='lat' dir='ltr'>depulsio-ue</span> <span class='ocrx_word' id='word_1_321' title='bbox 1348 3730 1378 3738; x_wconf 90' lang='lat'><em>-</em></span> 
     </span>
     <span class='ocr_line' id='line_1_36' title="bbox 220 3765 1381 3916; baseline 0.002 -28"><span class='ocrx_word' id='word_1_322' title='bbox 220 3765 1313 3916; x_wconf 57' lang='grc'><strong>11111,11111111..111111111111111111</strong></span> <span class='ocrx_word' id='word_1_323' title='bbox 1334 3786 1381 3891; x_wconf 78' lang='lat' dir='ltr'>iii</span> 
     </span>
     <span class='ocr_line' id='line_1_37' title="bbox 220 3903 723 3974; baseline 0.006 -19"><span class='ocrx_word' id='word_1_324' title='bbox 220 3909 244 3967; x_wconf 83' lang='lat'>9,</span> <span class='ocrx_word' id='word_1_325' title='bbox 263 3907 295 3955; x_wconf 85' lang='lat'>32</span> <span class='ocrx_word' id='word_1_326' title='bbox 315 3907 484 3972; x_wconf 84' lang='lat' dir='ltr'>susceptrone</span> <span class='ocrx_word' id='word_1_327' title='bbox 504 3933 533 3942; x_wconf 92' lang='lat'>—</span> <span class='ocrx_word' id='word_1_328' title='bbox 553 3903 723 3974; x_wconf 81' lang='lat' dir='ltr'>perfectione.</span> 
     </span>
    </p>

    <p class='ocr_par' dir='ltr' id='par_1_6' title="bbox 219 3971 1380 4389">
     <span class='ocr_line' id='line_1_38' title="bbox 288 3971 1380 4037; baseline 0.004 -13"><span class='ocrx_word' id='word_1_329' title='bbox 288 3971 338 4024; x_wconf 74' lang='lat'>42.</span> <span class='ocrx_word' id='word_1_330' title='bbox 399 3971 463 4026; x_wconf 95' lang='lat' dir='ltr'>uod</span> <span class='ocrx_word' id='word_1_331' title='bbox 482 3972 511 4026; x_wconf 92' lang='lat' dir='ltr'>is</span> <span class='ocrx_word' id='word_1_332' title='bbox 530 3973 613 4026; x_wconf 80' lang='grc'><strong>11111.</strong></span> <span class='ocrx_word' id='word_1_333' title='bbox 632 3973 800 4037; x_wconf 78' lang='lat' dir='ltr'>Carneades,</span> <span class='ocrx_word' id='word_1_334' title='bbox 819 3993 941 4028; x_wconf 79' lang='grc'><strong>11111111</strong></span> <span class='ocrx_word' id='word_1_335' title='bbox 960 3973 1145 4028; x_wconf 79' lang='lat' dir='ltr'>Carneadeum</span> <span class='ocrx_word' id='word_1_336' title='bbox 1164 3993 1197 4028; x_wconf 85' lang='lat' dir='ltr'>zu</span> <span class='ocrx_word' id='word_1_337' title='bbox 1215 3975 1380 4028; x_wconf 86' lang='lat' dir='ltr'>entnchmeu</span> 
     </span>
     <span class='ocr_line' id='line_1_39' title="bbox 219 3990 1377 4114; baseline 0.002 -20"><span class='ocrx_word' id='word_1_338' title='bbox 219 4041 265 4094; x_wconf 88' lang='lat' dir='ltr'>ist.</span> <span class='ocrx_word' id='word_1_339' title='bbox 284 4040 310 4093; x_wconf 87' lang='lat' dir='ltr'>S.</span> <span class='ocrx_word' id='word_1_340' title='bbox 330 3990 396 4095; x_wconf 79' lang='grc'>111</span> <span class='ocrx_word' id='word_1_341' title='bbox 415 4044 438 4104; x_wconf 93' lang='grc'><strong>6,</strong></span> <span class='ocrx_word' id='word_1_342' title='bbox 459 4044 498 4094; x_wconf 85' lang='grc'>11.</span> <span class='ocrx_word' id='word_1_343' title='bbox 569 4045 735 4106; x_wconf 84' lang='lat' dir='ltr'>nontam,</span> <span class='ocrx_word' id='word_1_344' title='bbox 754 4046 792 4096; x_wconf 90' lang='lat' dir='ltr'>ut</span> <span class='ocrx_word' id='word_1_345' title='bbox 809 4043 989 4114; x_wconf 86' lang='lat' dir='ltr'>probaret:</span> <span class='ocrx_word' id='word_1_346' title='bbox 1008 4042 1377 4106; x_wconf 74' lang='lat' dir='ltr'>ehensodcad.1142,131</span> 
     </span>
     <span class='ocr_line' id='line_1_40' title="bbox 220 4108 1378 4182; baseline 0.002 -20"><span class='ocrx_word' id='word_1_347' title='bbox 220 4108 416 4163; x_wconf 84' lang='lat' dir='ltr'>introducebat</span> <span class='ocrx_word' id='word_1_348' title='bbox 434 4109 517 4164; x_wconf 86' lang='grc'><strong>1111111</strong></span> <span class='ocrx_word' id='word_1_349' title='bbox 528 4109 687 4173; x_wconf 80' lang='lat' dir='ltr'>Carneades,</span> <span class='ocrx_word' id='word_1_350' title='bbox 706 4129 761 4165; x_wconf 91' lang='lat' dir='ltr'>non</span> <span class='ocrx_word' id='word_1_351' title='bbox 780 4131 832 4181; x_wconf 92' lang='lat' dir='ltr'>quo</span> <span class='ocrx_word' id='word_1_352' title='bbox 851 4112 985 4182; x_wconf 84' lang='lat' dir='ltr'>probaret,</span> <span class='ocrx_word' id='word_1_353' title='bbox 1005 4111 1051 4166; x_wconf 89' lang='lat' dir='ltr'>sed</span> <span class='ocrx_word' id='word_1_354' title='bbox 1070 4115 1102 4166; x_wconf 90' lang='lat' dir='ltr'>ut</span> <span class='ocrx_word' id='word_1_355' title='bbox 1120 4115 1266 4182; x_wconf 88' lang='lat' dir='ltr'>opponeret</span> <span class='ocrx_word' id='word_1_356' title='bbox 1277 4111 1378 4166; x_wconf 86' lang='lat' dir='ltr'>Stoicis</span> 
     </span>
     <span class='ocr_line' id='line_1_41' title="bbox 221 4178 1377 4252; baseline 0.002 -21"><span class='ocrx_word' id='word_1_357' title='bbox 221 4197 358 4233; x_wconf 88' lang='lat' dir='ltr'>summum</span> <span class='ocrx_word' id='word_1_358' title='bbox 375 4178 479 4234; x_wconf 90' lang='lat' dir='ltr'>bonum</span> <span class='ocrx_word' id='word_1_359' title='bbox 497 4197 556 4234; x_wconf 88' lang='lat' dir='ltr'>esse</span> <span class='ocrx_word' id='word_1_360' title='bbox 574 4179 628 4234; x_wconf 88' lang='lat' dir='ltr'>frui</span> <span class='ocrx_word' id='word_1_361' title='bbox 645 4180 679 4234; x_wconf 88' lang='lat' dir='ltr'>iis</span> <span class='ocrx_word' id='word_1_362' title='bbox 698 4180 795 4244; x_wconf 85' lang='lat' dir='ltr'>rebus,</span> <span class='ocrx_word' id='word_1_363' title='bbox 822 4199 890 4251; x_wconf 88' lang='lat' dir='ltr'>quas</span> <span class='ocrx_word' id='word_1_364' title='bbox 917 4182 1018 4252; x_wconf 88' lang='lat' dir='ltr'>primas</span> <span class='ocrx_word' id='word_1_365' title='bbox 1045 4183 1145 4235; x_wconf 87' lang='lat' dir='ltr'>natura</span> <span class='ocrx_word' id='word_1_366' title='bbox 1172 4180 1377 4235; x_wconf 83' lang='lat' dir='ltr'>conciliavisset.</span> 
     </span>
     <span class='ocr_line' id='line_1_42' title="bbox 221 4247 1378 4319; baseline 0.002 -18"><span class='ocrx_word' id='word_1_367' title='bbox 221 4247 427 4316; x_wconf 87' lang='lat' dir='ltr'>quibuscum</span> <span class='ocrx_word' id='word_1_368' title='bbox 445 4247 569 4302; x_wconf 89' lang='lat' dir='ltr'>bellum</span> <span class='ocrx_word' id='word_1_369' title='bbox 586 4249 725 4319; x_wconf 86' lang='lat' dir='ltr'>gerebat</span> <span class='ocrx_word' id='word_1_370' title='bbox 756 4253 816 4303; x_wconf 88' lang='lat' dir='ltr'>‘mit</span> <span class='ocrx_word' id='word_1_371' title='bbox 834 4251 919 4304; x_wconf 88' lang='lat' dir='ltr'>denen</span> <span class='ocrx_word' id='word_1_372' title='bbox 938 4267 966 4303; x_wconf 89' lang='lat' dir='ltr'>er</span> <span class='ocrx_word' id='word_1_373' title='bbox 984 4249 1035 4304; x_wconf 83' lang='lat' dir='ltr'>auf</span> <span class='ocrx_word' id='word_1_374' title='bbox 1048 4249 1208 4319; x_wconf 84' lang='lat' dir='ltr'>Kriegsfuss</span> <span class='ocrx_word' id='word_1_375' title='bbox 1227 4249 1324 4313; x_wconf 87' lang='lat' dir='ltr'>stand&#39;,</span> <span class='ocrx_word' id='word_1_376' title='bbox 1345 4249 1378 4303; x_wconf 91' lang='lat' dir='ltr'>dc</span> 
     </span>
     <span class='ocr_line' id='line_1_43' title="bbox 222 4316 1376 4389; baseline 0.003 -20"><span class='ocrx_word' id='word_1_377' title='bbox 222 4320 373 4380; x_wconf 74' lang='grc' dir='ltr'><strong>11121,Ἰῖ</strong></span> <span class='ocrx_word' id='word_1_378' title='bbox 392 4316 470 4371; x_wconf 89' lang='lat' dir='ltr'>Nihil</span> <span class='ocrx_word' id='word_1_379' title='bbox 489 4319 561 4372; x_wconf 90' lang='lat' dir='ltr'>enim</span> <span class='ocrx_word' id='word_1_380' title='bbox 579 4318 687 4389; x_wconf 87' lang='lat' dir='ltr'>turpius</span> <span class='ocrx_word' id='word_1_381' title='bbox 705 4336 787 4387; x_wconf 89' lang='lat' dir='ltr'>quam</span> <span class='ocrx_word' id='word_1_382' title='bbox 806 4337 867 4372; x_wconf 90' lang='lat' dir='ltr'>cum</span> <span class='ocrx_word' id='word_1_383' title='bbox 886 4337 916 4372; x_wconf 90' lang='grc' dir='ltr'>1ο</span> <span class='ocrx_word' id='word_1_384' title='bbox 934 4318 1035 4373; x_wconf 90' lang='lat' dir='ltr'>bellum</span> <span class='ocrx_word' id='word_1_385' title='bbox 1053 4335 1151 4389; x_wconf 87' lang='lat' dir='ltr'>gerere,</span> <span class='ocrx_word' id='word_1_386' title='bbox 1170 4318 1280 4388; x_wconf 89' lang='lat' dir='ltr'>quicum</span> <span class='ocrx_word' id='word_1_387' title='bbox 1299 4317 1376 4372; x_wconf 85' lang='lat' dir='ltr'>fami·</span> 
     </span>
    </p>
   </div>
   <div class='ocr_carea' id='block_1_4' title="bbox 0 0 1514 4948">
    <p class='ocr_par' dir='ltr' id='par_1_7' title="bbox 0 0 1514 4948">
     <span class='ocr_line' id='line_1_44' title="bbox 0 0 1514 4948; baseline 0 1"><span class='ocrx_word' id='word_1_388' title='bbox 0 0 1514 4948; x_wconf 95' lang='lat' dir='ltr'> </span> 
     </span>
    </p>
   </div>
  </div>
 </body>
</html>
