2974 4950
266 319 329 380 260
502 314 552 368 Du
572 313 722 368 FINIBUS
741 313 927 368 BONORUM
945 313 992 368 ΕΤ
1010 311 1199 367 MALORUM

266 486 353 552 catio
378 483 564 548 utilitatum
587 490 621 547 et
644 483 715 568 ipsa
744 483 864 548 ceritas
893 483 1023 566 generis
1052 483 1202 561 humani,
1237 504 1318 566 quae
1344 489 1408 545 nata

266 587 412 672 aprime
436 592 528 664 satu,
554 586 642 668 quod
666 609 685 650 a
708 586 973 672 procreatoribus
997 586 1067 650 uati
1089 585 1277 668 diliguntur
1299 589 1331 648 et
1350 589 1408 646 tots

266 693 383 759 domus
407 689 560 773 coniugio
585 695 619 752 et
640 688 752 776 {stirpe
781 686 1010 770 coniungitur,
1044 686 1148 771 serpit
1175 687 1299 752 sensim
1325 686 1406 763 foras,

267 791 523 877 cognationibus
551 791 711 875 primum,
745 794 816 853 tum
843 789 1082 868 affinitatibus,
1116 789 1234 855 deinde
1263 788 1406 866 amicitiis,

266 903 344 980 post
365 894 613 972 vicinitatibus,
645 898 717 956 tum
742 892 870 956 civibus
893 899 928 956 et
950 893 1006 971 iis,
1041 893 1097 978 qui
1118 893 1253 976 publice
1276 891 1352 956 socii
1370 899 1407 953 at-

267 1020 329 1083 que
354 996 451 1062 amici
474 1003 567 1073 sunt,
601 995 744 1079 denique
772 995 877 1060 totius
908 997 1081 1080 complexu
1110 996 1221 1080 gentis
1250 997 1406 1060 humanae:

267 1123 351 1185 quae
374 1098 475 1164 animi
498 1097 629 1161 affectio
654 1120 747 1161 suum
773 1098 891 1181 cuique
914 1097 1064 1164 tribuens
1088 1105 1187 1182 atque
1211 1101 1307 1178 hanc,
1331 1120 1408 1180 quan

266 1205 358 1282 dico,
392 1201 586 1266 societatem
620 1199 862 1266 coniunctionis
890 1203 1054 1268 humanae
1082 1202 1237 1266 munifice
1266 1209 1300 1265 et
1325 1220 1407 1282 aeque

265 1314 364 1371 tuens
396 1303 525 1368 iustitis
555 1303 691 1382 dicitur,
727 1304 779 1368 oui
811 1309 890 1368 sunt
921 1305 1097 1370 adiunctae
1128 1306 1254 1389 pietas,
1285 1303 1405 1378 bonitas,

265 1407 461 1484 liberalitas,
487 1405 688 1490 benignitas,
708 1406 846 1470 comites
863 1429 1012 1491 quaeque
1029 1415 1109 1472 sunt
1123 1409 1256 1492 generis
1272 1405 1405 1472 eiusdem.

266 1515 379 1594 Atque
403 1511 485 1573 haec
508 1509 557 1574 ita
578 1508 727 1572 iustitiae
751 1509 881 1592 propria
905 1518 994 1588 sunt,
1019 1517 1057 1574 ut
1081 1511 1148 1575 sint
1173 1511 1328 1575 virtutum
1347 1505 1406 1570 reli·

268 1635 407 1695 quorum
424 1611 620 1675 communia.
662 1610 725 1693 (66)
751 1611 838 1673 Nam
856 1633 930 1674 cum
955 1612 1002 1676 sic
1025 1612 1168 1675 hominis
1191 1619 1308 1676 natura
1327 1627 1405 1692 gonc-

267 1723 340 1781 rata
363 1714 424 1793 sit,
458 1717 496 1776 ut
519 1714 643 1778 habeat
672 1711 829 1795 quiddam
858 1712 1042 1796 ingenitum
1077 1714 1171 1798 quasi
1205 1714 1299 1777 civile
1317 1717 1405 1791 *atquc

266 1817 436 1902 populare,
461 1815 547 1898 quod
573 1813 692 1878 Graeci
714 1813 889 1879 πολιτικόν
905 1822 1038 1894 vocant,
1063 1815 1226 1900 quidquid
1241 1818 1316 1900 aget
1329 1831 1405 1895 quae·

268 1917 468 2002 querimus,
494 1916 527 1980 id
551 1939 569 1979 a
593 1916 832 1982 communitate
856 1924 890 1981 et
914 1940 969 1997 ea,
996 1941 1094 2002 quam
1118 1919 1270 2003 exposui,
1294 1914 1403 1981 caritate

267 2043 305 2086 ac
329 2020 490 2084 societate
514 2021 657 2084 humana
681 2043 747 2083 non
772 2020 976 2099 abhorrebit,
1001 2020 1214 2104 vicissimque
1231 2017 1357 2092 iustitia,
1375 2017 1402 2072 11

266 2123 338 2206 ipsa
362 2122 480 2186 fundet
502 2144 537 2185 se
560 2122 595 2186 in
619 2129 745 2186 ceteras
769 2121 927 2202 virtutes,
953 2123 1001 2186 sic
1024 2123 1099 2186 illas
1123 2130 1276 2208 expetet;
1308 2111 1403 2184 servari

268 2226 354 2290 enim
377 2225 506 2290 iustitia
529 2224 593 2288 nisi
617 2248 635 2288 a
663 2225 742 2289 forti
770 2225 858 2305 viro,
892 2225 956 2289 uisi
986 2249 1006 2289 e
1037 2225 1186 2310 sapiente
1216 2249 1281 2290 non
1305 2222 1403 2309 potest·

270 2327 387 2391 Qualis
412 2329 463 2395 est
486 2326 589 2409 igitur
613 2325 719 2390 omnis
743 2329 841 2407 haec,
876 2349 974 2410 quam
1005 2327 1096 2402 dioc,
1131 2325 1325 2413 conspiratio
1346 2341 1403 2384 con·

270 2450 451 2512 sensusque
475 2428 652 2507 virtutum,
677 2429 747 2492 tale
771 2435 823 2493 est
846 2429 931 2493 illud
954 2429 1062 2515 ipsum
1085 2433 1279 2509 honestum,
1303 2419 1404 2510 quando

270 2531 402 2615 quidem
432 2532 609 2594 honestum
639 2540 697 2594 aut
719 2530 791 2614 ipsa
814 2533 920 2596 virtus
944 2537 995 2596 est
1019 2539 1151 2596 autres
1174 2539 1271 2616 gesta
1292 2527 1403 2594 virtute:

270 2717 333 2771 dem
350 2715 556 2786 gewbhnlichen
575 2715 816 2786 Sprachgebrauch
834 2721 959 2772 erwartet
977 2738 1042 2774 man
1060 2719 1204 2774 hominum
1223 2721 1293 2774 inter
1308 2709 1404 2769 homines

270 2785 444 2849 coniunctio,
473 2784 553 2838 alicin
572 2785 727 2838 coniunctio
746 2785 784 2838 ist
802 2785 862 2839 hier
880 2805 909 2840 so
928 2788 990 2841 sehr
1008 2807 1042 2842 zu
1060 2787 1193 2853 botoncn,
1214 2789 1275 2843 dass
1292 2803 1317 2839 es
1333 2793 1404 2834 voran-

270 2854 353 2908 ateht.
442 2853 542 2922 quasi
560 2853 725 2922 quaedem
743 2853 848 2908 werden
866 2854 908 2909 oft
925 2855 981 2910 fast
1017 2857 1182 2912 leonastisch
1200 2851 1357 2912 verbunden:
1395 2839 1404 2891 Ῐ

270 2927 294 2985 5,
316 2925 355 2974 l'l.
374 2922 400 2975 V
421 2925 460 2984 19,
479 2927 520 2974 54.
540 2925 581 2984 23,
601 2925 642 2974 66.
702 2921 800 2992 quod:
821 2923 864 2976 die
902 2876 1183 2980 evvbhniicheIresert
1220 2943 1255 2980 uo
1272 2921 1321 2977 mit
1334 2916 1404 2977 Bfflt

271 2989 323 3046 auf
336 2993 418 3053 satu,
446 2989 536 3044 woiiir
551 2989 626 3071 daun
644 2992 713 3045 etvve
731 3009 822 3046 amore
840 2943 935 3048 steden
953 2997 1074 3058 miisste,
1101 2993 1139 3048 ist
1156 2945 1236 3049 uicit
1252 3012 1285 3047 zu
1309 2984 1403 3042 eruerer

271 3058 328 3114 und
347 3058 431 3112 daher
450 3076 502 3112 von
520 3058 634 3128 Madvig
652 3078 702 3113 aus
721 3059 773 3114 den
800 3061 893 3116 beaten
911 3063 1030 3117 Hdschr.
1049 3063 1123 3133 quod
1149 3063 1252 3134 richtig
1277 3045 1403 3126 iugabit

269 3127 386 3183 worden
457 3127 569 3198 serpit
587 3128 713 3182 sensim
733 3129 826 3183 foras
844 3149 865 3184 s.
883 3133 965 3186 auII
984 3137 1024 3195 14,
1043 3137 1084 3186 45.
1155 3135 1228 3186 tum
1246 3125 1367 3184 civibus
1380 3115 1404 3166 11

271 3195 324 3277 iis.
360 3195 429 3250 Sebr
447 3196 510 3251 veit
527 3195 595 3277 geht
612 3195 685 3261 Oia,
704 3215 782 3252 vern
800 3217 828 3253 er
846 3200 917 3253 nach
935 3201 987 3255 don
1005 3200 1162 3255 abstracten
1180 3193 1363 3256 substantivus
1376 3181 1402 3262 11·

271 3263 435 3328 fimtatibua,
454 3265 593 3328 amicitiis,
611 3265 801 3320 vicinitatibus
820 3267 873 3322 mit
890 3268 996 3323 civibus
1014 3269 1092 3324 otiis
1112 3269 1160 3339 qui
1178 3267 1322 3325 forttihr‘s
1337 3252 1403 3330 wosur

268 3352 334 3388 man
352 3335 454 3388 civium
472 3334 663 3388 coniunctione
681 3338 708 3388 et
726 3353 821 3390 eorum
839 3337 887 3406 qui
905 3341 1039 3393 ervartet.
1122 3337 1297 3409 complexu
1312 3325 1403 3400 genili

269 3403 443 3457 humanae.
479 3403 552 3456 Gens
570 3403 690 3457 humana
709 3403 754 3458 fiir
800 3422 866 3458 enus
894 3406 1046 3460 humanum
1074 3407 1182 3461 kcmmt
1209 3407 1284 3460 sonet
1307 3389 1403 3473 111111

271 3471 405 3525 Dichtern
423 3489 488 3534 vor,
515 3491 537 3524 z.
556 3472 588 3524 B.
608 3470 651 3525 bei
668 3472 736 3526 Hor.
756 3491 771 3525 o
793 3514 798 3526 .
817 3473 832 3526 I
851 3477 874 3537 3,
894 3478 927 3526 26
944 3493 1013 3543 gens
1031 3475 1152 3530 bumana
1174 3475 1232 3529 ruit
1248 3489 1293 3544 per
1310 3465 1402 3522 vetitum

269 3539 353 3620 nefas.
436 3557 540 3608 aeque
558 3539 607 3593 hat
626 3539 681 3594 Cic.
700 3559 749 3594 aus
768 3541 829 3596 dem
848 3541 961 3596 Streben
979 3542 1051 3598 nach
1068 3544 1247 3598 Coucinnittt
1264 3543 1355 3606 (vogen
1369 3525 1402 3578 (1⁶⁸

269 3607 349 3662 daber
366 3607 515 3662 steheudeu
533 3608 669 3676 munifice)
687 3610 896 3678 ungewdhnlich
915 3611 960 3666 fiir
978 3631 1042 3667 cum
1061 3612 1200 3682 aequitate
1217 3609 1321 3682 geseut
1370 3664 1379 3674 ,,

338 3675 390 3755 sc.
427 3676 636 3756 ingenitum:
667 3677 724 3731 cres
742 3677 923 3750 paeruptum
941 3681 980 3734 ru
997 3682 1040 3736 ein
1060 3681 1108 3737 sn.
1128 3684 1186 3758 esp.
1206 3679 1251 3736 bei
1267 3676 1330 3732 oros
1353 3665 1401 3740 111·

269 3744 336 3814 figer
353 3748 391 3797 rst
409 3762 436 3797 es
455 3743 568 3798 berdon
587 3745 801 3800 Schriftstelleru
818 3749 865 3802 der
883 3748 1017 3804 silbernon
1035 3749 1184 3805 Iratinitbt.
1222 3748 1270 3803 Die
1287 3743 1357 3797 norm
1372 3745 1400 3782 1⁰⁴

269 3811 366 3882 genuit
388 3811 439 3866 hat
457 3811 512 3866 Cic.
532 3814 626 3868 3mal=
658 3814 799 3869 defimH
820 3822 859 3881 14,
879 3822 921 3871 46.
951 3820 977 3873 V
996 3824 1036 3882 11,
1055 3823 1096 3870 33.
1126 3819 1159 3872 de
1177 3823 1233 3873 nat.
1251 3797 1401 3882 deor.113⁸2

271 3885 329 3933 124.
417 3882 514 3949 quasi
532 3881 636 3937 civile
653 3886 757 3953 atque
774 3885 951 3957 populare:
984 3905 1013 3941 so
1032 3887 1108 3957 giobt
1126 3887 1182 3941 Cic.
1200 3887 1247 3941 das
1264 3874 1352 3954 grieoh.
1369 3883 1401 3918 aa·

269 3951 393 4028 θρῳπος
412 3949 501 4020 φύσει
519 3953 664 4008 πολιτικὸν
684 3956 758 4016 ζῶον
778 3955 904 4018 (Aristot.
924 3956 982 4009 Pol.
1000 3957 1015 4010 Ι
1034 3963 1056 4020 1,
1076 3959 1104 4022 9)
1123 3955 1227 4010 wieder.
1305 3930 1401 4000 fundet

270 4035 302 4070 se
320 4036 354 4071 ru
373 4021 505 4072 ceteras
524 4019 692 4074 virtutes:
728 4021 780 4090 vgl.
798 4023 843 4076 111
863 4022 903 4087 lb,
922 4029 955 4078 48
981 4029 1129 4094 utrumque
1147 4043 1238 4079 eorum
1256 3998 1401 4087 (intumet

269 4085 349 4152 vitia)
367 4085 447 4166 fundi
465 4087 584 4157 quodam
602 4089 683 4144 modo
702 4092 730 4144 et
747 4091 825 4160 quasi
844 4092 955 4146 dilatari
968 4096 1081 4173 putant.
1178 4111 1228 4147 res
1245 4087 1335 4160 gesta
1350 4083 1399 4144 W(

269 4157 345 4209 tute
363 4172 421 4208 eme
434 4157 616 4225 tugcudhafte
627 4158 780 4230 Haudluug
797 4161 835 4214 im
854 4160 1038 4231 allgememeu,
1057 4162 1185 4217 wihrend
1203 4161 1249 4215 der
1260 4145 1343 4210 Plural
1357 4151 1399 4207 ‘1¹¹¹'

269 4222 634 4356 gpszpeffslgieepippqtneu
652 4229 739 4282 Arten
761 4229 834 4283 einer
860 4230 1061 4299 tugendhaften
1089 4230 1239 4300 Handlung
1266 4203 1399 4278 mereunt·
