3020 4948
227 327 267 389 52
471 322 522 378 DE
539 321 691 376 armeus
710 319 894 376 BONORUM
912 321 959 375 ΕΤ
978 320 1168 376 MALORUM

227 517 324 560 soona
356 496 529 577 voluptate
562 492 721 577 capiatur.
768 494 823 556 An
855 494 936 556 haee
969 493 1010 556 ab
1044 513 1081 555 eo
1114 515 1180 555 non
1213 491 1390 556 dicuntur?
1491 485 1492 490 ’

228 596 332 662 Quasi
354 618 431 669 vero
456 617 507 658 me
531 594 675 679 pudeat,
708 593 836 679 inquit,
870 595 1030 674 istorum,
1064 601 1123 658 aut
1154 617 1220 658 non
1251 593 1389 679 possim,
1491 588 1492 624 l

228 697 390 784 quemad
414 697 547 764 modum
572 719 610 760 ea
633 697 797 775 dieantur,
823 698 1013 761 ostendere!
1040 697 1112 781 Ego
1138 719 1214 761 vero
1238 719 1305 760 non
1328 697 1391 759 du·
1491 689 1492 756 l

229 802 312 882 bito,
337 802 481 885 inquam,
508 801 587 886 quin
610 799 708 864 facile
731 799 849 885 possis,
875 821 936 864 neo
960 807 1012 864 est
1036 801 1125 885 quod
1146 809 1182 864 te
1197 800 1321 885 pudeat
1337 822 1391 863 sa·
1491 793 1492 832 l

227 903 332 988 pienti
354 903 517 982 assentiri,
543 901 599 987 qui
622 925 656 966 se
676 925 771 981 unus,
797 901 886 987 quod
902 903 1015 982 seiam,
1041 903 1226 987 sapientem
1240 903 1393 986 profiteri

228 1007 272 1071 sit
304 1029 413 1071 ausus.
460 1006 547 1070 Nam
579 1005 809 1069 Metrodorum
840 1028 907 1070 non
937 1013 1018 1091 puto
1051 1006 1158 1091 ipsum
1190 1003 1391 1089 professum,

228 1109 306 1189 sed,
338 1131 412 1173 oum
444 1108 668 1194 appellaretur
692 1109 732 1172 ab
757 1107 911 1192 Epicuro,
937 1108 1108 1193 repudiare
1132 1115 1264 1172 tantum
1287 1108 1393 1172 bene-

227 1212 338 1275 fioium
362 1210 525 1288 noluisse3
560 1218 689 1294 septem
712 1219 823 1276 autem
847 1211 899 1274 illi
922 1235 989 1276 non
1012 1234 1083 1291 suo,
1109 1211 1167 1275 sed
1190 1211 1394 1295 populorum

228 1313 384 1398 suffragio
409 1313 554 1377 omnium
578 1313 740 1377 nominati
763 1321 851 1377 sunt.
900 1313 943 1396 (8)
968 1314 1095 1377 Verum
1111 1317 1174 1378 hoo
1197 1315 1271 1378 looo
1295 1335 1393 1376 sumo

227 1416 337 1481 verbis
354 1416 405 1480 his
430 1416 568 1481 eandem
593 1424 682 1482 oerte
698 1417 764 1480 vim
781 1417 965 1502 voluptatis
981 1416 1162 1501 Epicurum
1177 1421 1274 1480 nosse
1291 1439 1394 1499 quam

229 1527 374 1594 oeteros;
409 1543 521 1584 omnes
546 1520 633 1584 enim
655 1520 836 1584 iucundum
860 1527 1008 1599 motum,
1041 1543 1104 1606 quo
1130 1543 1245 1584 sensus
1267 1518 1392 1584 hilare·

227 1629 293 1701 tur,
319 1623 444 1686 Graece
468 1621 604 1704 ἡδονήν,
628 1621 747 1686 Latine
771 1623 1025 1708 voluptatem
1047 1629 1181 1686 vocant.
1228 1621 1318 1686 Quid
1339 1629 1391 1686 est

227 1725 342 1809 igitur,
367 1725 494 1811 inquit,
520 1726 608 1811 quod
632 1725 800 1810 requiras?
847 1725 985 1804 Dioam,
1010 1725 1165 1810 inquam,
1198 1734 1232 1789 et
1256 1725 1390 1809 quidem

229 1828 379 1893 discendi
402 1851 500 1893 eausa
523 1829 629 1914 magis
654 1852 751 1914 quam
775 1852 839 1912 quo
862 1837 897 1893 te
921 1836 979 1894 aut
1002 1830 1181 1914 Epicurum
1212 1829 1392 1912 reprehen-

229 1955 301 1995 sum
325 1933 437 1998 velim.
462 1933 535 2017 Ego
561 1953 701 2018 quoque,
725 1933 845 2018 inquit,
870 1932 1041 1997 didioerim
1063 1932 1234 2011 libentius,
1259 1931 1391 2017 siquid

229 2035 392 2114 attuleris,
419 2058 516 2121 quam
539 2041 574 2100 te
597 2035 876 2121 reprehenderim.
923 2036 1071 2100 Tenesne
1094 2035 1217 2119 igitur,
1242 2033 1391 2120 inquam,

228 2137 451 2222 Hieronymus
474 2139 624 2202 Rhodius
649 2138 728 2223 quid
751 2138 842 2203 dieat
864 2161 936 2202 esse
969 2161 1133 2203 summum
1156 2139 1295 2216 bonum,
1325 2159 1392 2222 quo

228 2247 327 2324 putet
350 2241 459 2306 omnia
481 2241 596 2306 referri
619 2243 791 2326 oportere?
815 2241 936 2320 Teneo,
961 2239 1080 2325 inquit,
1105 2241 1203 2304 finem
1219 2237 1271 2302 illi
1285 2239 1392 2304 videri

231 2343 312 2407 nihil
337 2345 460 2408 dolere.
507 2343 617 2412 Quid?
654 2344 743 2408 idem
765 2344 828 2408 iste
839 2393 848 2423 ,
873 2344 1026 2428 inquam,
1052 2344 1092 2407 de
1115 2344 1287 2428 voluptate
1310 2342 1389 2425 quid

232 2445 354 2512 sentit?
385 2445 428 2530 (a)
452 2447 567 2530 Negat
591 2466 663 2509 esse
688 2468 771 2525 eam,
796 2446 915 2531 inquit,
940 2454 1076 2533 propter
1100 2467 1135 2509 se
1159 2443 1391 2530 expetendam.

232 2547 335 2611 Aliud
358 2547 461 2630 igitur
485 2569 556 2612 esse
576 2554 689 2612 censet
712 2549 868 2632 gaudere,
894 2549 984 2613 aliud
1006 2572 1073 2614 non
1097 2549 1219 2613 dolere.
1252 2548 1298 2610 Et
1321 2546 1394 2630 qui-

233 2652 319 2730 dem,
342 2651 470 2736 inquit,
495 2653 709 2715 vehementer
732 2659 820 2716 errat
827 2677 836 2729 ;
869 2676 966 2730 nam,
999 2658 1037 2716 ut
1060 2653 1158 2737 paulo
1182 2655 1258 2715 ante
1282 2650 1393 2728 docui,
1486 2681 1487 2684 ¹

232 2754 402 2839 augendae
432 2754 615 2838 voluptatis
648 2755 722 2818 finis
756 2761 807 2820 est
840 2755 962 2819 doloris
995 2755 1101 2819 omnis
1134 2755 1268 2818 amotio.
1315 2754 1395 2818 Non

233 2857 357 2931 dolere,
381 2856 526 2939 inquam,
543 2856 635 2920 istud
655 2879 753 2940 quam
768 2856 835 2922 vim
851 2859 984 2936 habeat,
1002 2865 1118 2941 postea
1134 2856 1267 2920 videro:
1294 2855 1394 2919 aliam

233 3080 326 3134 tione
344 3077 594 3143 ‘Ohrensohmaus’‚
621 3077 654 3134 de
672 3082 740 3134 orat.
759 3079 804 3133 111
822 3084 863 3143 44,
884 3082 932 3132 113
960 3077 1149 3134 deleotationis
1176 3083 1258 3150 atque
1284 3077 1393 3132 aurium

233 3166 314 3202 oausa
340 3148 404 3216 (mit
421 3147 601 3230 Anweudung
619 3147 667 3203 der
685 3147 847 3220 Hendiadys
864 3165 913 3202 zur
930 3147 1115 3220 Vermeidung
1132 3148 1178 3202 dos
1197 3149 1322 3202 hiirteren
1341 3145 1391 3199 Zu-

234 3217 465 3272 sammentreffens
484 3215 531 3272 der
548 3217 644 3273 berdon
662 3237 714 3272 von
732 3217 860 3272 einander
878 3217 996 3288 abhang'
1019 3236 1052 3272 en
1069 3217 1216 3284 Genitive).
1284 3214 1342 3296 qui
1361 3232 1395 3268 se

233 3303 319 3340 uuus
337 3291 386 3342 eto.
424 3287 484 3357 Vgl.
503 3286 536 3340 de
554 3306 610 3342 sen.
630 3291 670 3350 13,
689 3291 723 3340 43
741 3304 798 3341 esse
816 3285 953 3358 quendam
970 3237 1102 3349 altisonis,
1124 3286 1173 3357 qui
1192 3305 1219 3340 se
1244 3287 1395 3355 saprentem

232 3357 412 3478 profiteretur,
431 3373 546 3426 eumque
563 3356 651 3410 dioere
669 3355 760 3410 omnia
776 3373 847 3477 puae
864 3355 1013 3409 faceremus
1032 3354 1067 3409 ad
1085 3355 1253 3434 voluptatem
1272 3371 1328 3434 esse
1356 3371 1393 3437 re,-

245 3424 349 3478 erenda.
437 3425 657 3479 Metrodorus
686 3443 706 3477 s.
725 3441 759 3476 zu
810 3428 833 3486 ’1,
853 3428 894 3477 25.
965 3443 1005 3478 se
1027 3428 1093 3478 tem
1111 3428 1223 3478 autem
1242 3421 1314 3476 1111:
1333 3442 1385 3476 κατ

233 3495 283 3556 ἐξο
303 3493 337 3564 ήν
365 3493 408 3548 die
427 3498 441 3546 7
460 3493 568 3547 Weisen
586 3491 806 3547 Grieohenlands.
846 3492 904 3562 Vgl.
923 3511 971 3546 zur
1034 3493 1089 3563 'pse
1117 3494 1155 3546 ‘in
1174 3490 1395 3561 quattuordecim

232 3516 397 3642 (epdinibus)
418 3561 514 3615 sedere'
533 3561 603 3614 naoh
622 3561 668 3614 der
686 3559 878 3631 Bestimmung
901 3561 948 3614 der
965 3561 1005 3615 lex
1023 3562 1122 3616 Rosoia
1140 3560 1284 3615 theatralis
1301 3559 1396 3614 Ritter

233 3649 299 3685 sem.

303 3699 332 3752 8.
368 3699 491 3752 Verum
510 3698 571 3751 hoo
589 3697 661 3752 looo
680 3714 772 3751 sumo
791 3700 840 3751 eto.
867 3697 998 3752 Indessen
1016 3700 1112 3754 nehme
1130 3699 1174 3753 ioh
1192 3698 1250 3752 hier
1268 3716 1312 3761 an,
1331 3699 1356 3752 Il
1375 3697 1395 3750 i·

234 3785 281 3820 our
299 3767 381 3836 zeige,
400 3765 491 3820 indam
509 3784 537 3820 ar
555 3766 627 3820 diese
638 3765 733 3821 Worte
750 3765 910 3835 gebraucht,
929 3767 991 3821 dass
1010 3787 1039 3822 er
1056 3767 1198 3822 sioherlioh
1217 3765 1333 3820 dissolbe
1371 3785 1394 3821 e·

233 3836 356 3905 deutung
374 3853 427 3888 von
444 3835 516 3888 Luat
533 3835 620 3889 kenne
638 3834 677 3888 ala
695 3833 739 3888 die
756 3835 880 3904 iibrigen.
917 3835 953 3889 So
971 3837 1047 3892 steht
1065 3855 1142 3890 sumo
1162 3836 1232 3890 auoh
1250 3836 1296 3889 111
1313 3839 1338 3898 8,
1353 3839 1394 3887 21.

232 3904 273 3958 IV
292 3908 333 3966 19,
351 3907 392 3958 49.
412 3907 452 3956 52.
512 3903 753 3973 reprehensum
772 3905 871 3958 uelim
890 3905 957 3958 Zum
977 3910 989 3958 t
1008 3908 1021 3971 ξ
1041 3911 1100 3960 611.
1164 3905 1394 3972 Hieronymus

233 3991 283 4026 aus
300 3971 432 4034 Rhodus,
450 3972 599 4041 Anhanger
616 3972 663 4027 der
679 3973 906 4044 peripatetisohen
925 3925 1039 4039 Saluio,
1064 3994 1112 4028 um
1130 3977 1267 4027 300-260
1286 3992 1310 4026 v.
1330 3973 1394 4026 Chr.

233 4041 294 4111 Vgl.
314 4042 339 4094 V
357 4046 381 4104 5,
402 4045 442 4093 14.
461 4041 539 4094 Tusa.
558 4043 588 4096 II
607 4046 630 4106 6,
651 4047 690 4096 15.
709 4043 734 4095 V
752 4047 793 4105 30,
813 4047 862 4095 84.¹
1236 4091 1238 4095 .

303 4110 333 4164 9.
369 4110 412 4190 Et
429 4110 564 4190 quidem
583 4141 615 4149 —
634 4111 851 4167 vehementer
869 4114 962 4165 errat
980 4111 1065 4165 ‘Genu
1078 4112 1166 4192 recht,
1181 4111 1326 4190 1111111111
1344 4110 1396 4163 irrt

234 4197 261 4302 {i
279 4178 1008 4319 {tllltdlllttllttlltgattitulata
1027 4177 1395 4320 tsslssllllllttltfl

233 4318 248 4372 I
268 4323 308 4380 10,
328 4321 368 4370 35.
386 4317 417 4370 II
436 4322 476 4380 25,
495 4321 538 4373 81.
555 4317 669 4388 Seyffert
688 4317 775 4372 Schol.
794 4319 841 4372 lat.
860 4319 875 4372 I
893 4319 919 4372 S.
940 4322 996 4370 154.
1049 4322 1168 4389 postea
1187 4317 1300 4372 videro
1320 4335 1340 4370 s.
1359 4334 1395 4369 zu
