2942 4950
225 352 288 414 218
461 345 511 400 DE
529 343 680 400 FINIBUS
699 343 884 400 BONORUM
902 343 949 398 ΕΤ
968 343 1165 399 MALORUM.

225 521 282 586 Me
307 517 440 602 quidem
463 516 504 580 ad
528 514 680 580 altiorem
703 515 894 579 memoriam
918 515 1100 600 Oedipodis
1130 516 1194 579 huc
1224 514 1380 580 venientis

227 627 261 684 et
284 620 343 683 illo
368 615 563 681 mollissimo
588 615 749 693 carmine,
784 637 943 698 quaenam
968 622 1079 681 essent
1102 617 1184 680 haee
1206 615 1277 699 ipsa
1297 616 1380 692 loca,

227 719 424 806 requirentis
448 719 575 803 species
600 718 759 802 quaedam
784 719 974 798 commovit,
998 720 1141 784 inaniter
1163 719 1299 797 scilicet,
1323 719 1383 781 sed

228 822 407 889 commovit
429 828 552 885 tamen.
599 820 683 884 Tum
705 821 928 904 Pomponius:
962 824 1011 885 At
1034 843 1112 906 ego,
1147 843 1245 904 quem
1267 841 1322 884 vos
1344 827 1383 882 ut

227 927 376 992 deditum
393 924 536 1010 Epicuro
560 923 716 988 insectari
739 924 866 1003 soletis,
892 945 965 987 sum
984 924 1129 988 multum
1145 923 1295 1007 equidem
1311 945 1384 986 oum

227 1029 395 1107 Phaedro,
430 1047 528 1111 quem
558 1026 654 1091 unice
678 1025 799 1110 diligo,
833 1031 872 1088 ut
903 1025 1012 1106 scitis,
1046 1027 1080 1090 in
1103 1026 1239 1110 Epicuri
1269 1025 1382 1102 hortis,

228 1153 309 1214 quos
334 1129 432 1196 modo
464 1128 742 1211 praeteribamus,
777 1128 834 1191 ssd
867 1127 989 1192 veteris
1021 1127 1187 1213 proverbii
1218 1127 1385 1192 admonitu

227 1235 379 1299 vivorum
394 1230 539 1309 memini,
557 1253 617 1295 nec
634 1238 747 1295 tamen
763 1231 899 1316 Epicuri
915 1230 994 1294 licet
1010 1230 1174 1308 oblivisci,
1201 1231 1230 1293 si
1246 1230 1383 1314 cupiam,

228 1337 322 1401 ouius
343 1334 521 1418 imaginem
545 1357 612 1398 non
635 1335 733 1398 modo
758 1334 791 1397 in
814 1334 939 1397 tabulis
962 1333 1069 1398 nostri
1098 1333 1295 1411 familiares,
1328 1332 1385 1394 sed

228 1440 330 1504 etiam
361 1437 395 1500 in
426 1437 554 1522 poculis
588 1444 621 1501 ct
652 1437 685 1500 in
718 1437 825 1500 anulis
857 1437 994 1501 habent.
1047 1437 1096 1500 ΙΙ.
1139 1435 1183 1520 (4)
1216 1436 1280 1500 Hic
1309 1455 1383 1518 ego,

227 1539 429 1624 Pomponius
445 1539 588 1623 quidem,
614 1539 759 1623 inquam,
784 1547 898 1604 noster
914 1538 1015 1603 iocari
1031 1539 1173 1618 videtur,
1199 1547 1234 1603 et
1249 1539 1385 1602 sortasse

228 1665 287 1708 suo
311 1643 392 1707 iure.
438 1642 492 1706 Ita
517 1642 656 1706 enimse
673 1641 816 1705 Athenis
834 1641 1023 1720 collocavit,
1048 1649 1087 1704 ut
1110 1640 1154 1704 sit
1177 1662 1282 1725 paene
1305 1661 1384 1703 unus

229 1770 270 1811 ex
292 1745 435 1823 Atticis,
466 1753 504 1807 ut
526 1744 561 1808 id
583 1743 684 1809 etiam
700 1766 884 1828 cognomen
907 1745 1059 1810 videatur
1082 1743 1291 1808 habiturus·
1316 1742 1384 1826 Ego

229 1857 341 1913 autem
363 1847 442 1925 tibi,
476 1846 570 1924 Piae,
604 1847 783 1925 assentior,
816 1871 878 1911 usu
909 1849 973 1911 hoc
1004 1846 1178 1911 venirent
1201 1845 1307 1910 aerius
1330 1843 1384 1907 ali·

230 1958 352 2038 quanto
377 1957 412 2014 et
435 1949 597 2014 attentius
621 1949 662 2012 de
686 1949 783 2014 claris
806 1950 884 2014 viris
909 1949 1057 2014 locorum
1074 1948 1247 2013 admonitu
1264 1949 1385 2032 cogite-

228 2078 313 2119 mus.
360 2053 431 2118 Scis
461 2052 548 2116 enim
579 2073 631 2115 me
662 2052 805 2136 quodam
828 2061 977 2137 tempore
1000 2053 1239 2136 Metapontum
1262 2052 1383 2117 venisse

228 2166 340 2223 tecum
364 2179 469 2241 neque
493 2157 534 2218 ad
558 2155 724 2240 hospitem
748 2163 824 2221 ante
846 2155 1040 2234 devertisse,
1066 2178 1163 2239 quam
1179 2156 1385 2239 Pythagorae

228 2261 336 2346 ipsum
359 2260 455 2323 illum
477 2259 604 2336 locum,
634 2259 691 2322 ubi
714 2258 817 2323 vitam
841 2259 1005 2336 ediderat,
1039 2259 1216 2342 sedemque
1240 2257 1384 2322 viderim.

229 2551 280 2609 auf
294 2548 415 2605 desselbe
432 2549 546 2620 Subject
564 2547 690 2604 beziehen
707 2548 764 2602 und
788 2548 817 2601 in
844 2548 1052 2603 verschiedenen
1069 2548 1155 2603 Casus
1182 2547 1292 2618 fulgen,
1320 2547 1388 2602 steht

229 2619 278 2672 das
296 2618 389 2674 zweite
407 2617 446 2672 im
457 2617 678 2673 Demonstrativ=
698 2620 767 2670 orat.
786 2621 810 2679 2,
829 2621 844 2670 9
863 2637 875 2670 s
896 2618 962 2671 ecies
975 2615 1187 2698 pulchritudinis
1200 2617 1301 2671 eximia
1313 2634 1388 2687 quae·

230 2687 302 2750 dam,
321 2705 402 2767 quarn
421 2687 530 2740 intuens
550 2687 578 2740 in
597 2702 680 2756 eaque
699 2684 800 2738 defixus
819 2685 854 2738 ad
872 2705 882 2739 1
903 2686 944 2739 'us
963 2684 1171 2740 similitudinem
1189 2689 1278 2740 artem
1297 2689 1326 2740 et
1338 2703 1387 2739 ma·

229 2775 297 2809 num
315 2753 459 2825 dirigebat.
494 2756 574 2809 Brut.
594 2757 634 2817 74,
654 2757 704 2806 258
723 2759 815 2807 omnes
832 2757 894 2808 tum
911 2754 966 2809 fere
983 2755 1032 2825 qui
1049 2773 1096 2809 neo
1114 2757 1190 2808 extra
1207 2754 1279 2808 hanc
1298 2755 1388 2809 urbem

232 2824 362 2887 vixerant,
382 2841 429 2877 neo
449 2841 493 2877 eos
512 2823 603 2893 aliqua
620 2821 758 2877 barbaries
778 2822 926 2877 domestice
944 2823 1140 2887 infamaverat,
1158 2826 1230 2878 recte
1248 2822 1388 2894 loqueban-

230 2896 284 2947 tur.
319 2892 676 3015 Vgl.auohzull2,42.
775 2890 837 2944 illo
855 2891 1058 2946 mollissimo
1077 2891 1226 2954 carmine
1244 2895 1294 2946 eto.
1333 2891 1389 2978 lgl·

230 2961 262 3015 de
325 2981 343 3014 n

210 2963 363 3155 ¹ppplplqad’ffl
382 3028 599 3152 plquoqiqdpqia
616 3029 717 3118 {stimi
744 3047 768 3082 v·
787 3033 823 3130 38,
837 3034 879 3094 τίς
896 3029 922 3111 d'
944 3029 1010 3152 dogit'
1033 3033 1048 3086 ὁ
1063 3036 1174 3153 χοξριρςς
1190 3047 1229 3152 tu.
1248 3033 1291 3151 52d
1306 3036 1350 3094 τίς
1367 3029 1389 3133 d-

229 3121 471 3222 aaran,
486 3097 1189 3248 11111111111111111111.
1208 3140 1215 3162 ’
1235 3115 1390 3222 aare

228 3236 401 3308 proverbii
420 3236 597 3291 admonitu
615 3235 668 3306 vgl.
687 3235 720 3289 de
739 3253 794 3288 sen.
814 3240 837 3298 3,
858 3238 873 3287 7
891 3239 980 3290 vetere
997 3236 1146 3306 proverbio.
1166 3236 1247 3290 Tusc.
1267 3236 1297 3289 Π
1317 3241 1344 3299 4,
1362 3240 1388 3287 11

227 3310 261 3361 ut
278 3310 319 3360 est
336 3307 365 3359 in
384 3309 473 3360 vetere
490 3304 642 3376 proverbio.
680 3305 712 3358 de
731 3303 774 3358 off.
793 3305 824 3359 II
843 3308 888 3368 15,
907 3309 940 3358 55
969 3304 1044 3426 quod
1063 3333 1095 3344 ···
1114 3305 1170 3358 iam
1197 3305 1227 3358 in
1254 3303 1388 3375 proverbii

229 3373 453 3430 consuetudinem
471 3375 554 3428 veuit.
624 3375 781 3428 vivorum
800 3373 948 3427 memini:
987 3391 1017 3427 as
1036 3373 1212 3444 Spriiohwort
1230 3373 1318 3428 findet
1339 3372 1390 3428 sich

229 3463 282 3498 nur
299 3443 343 3498 bei
360 3443 470 3497 Patron.
490 3449 541 3497 sat.
560 3445 593 3496 43
611 3461 638 3496 u.
658 3445 690 3494 ⁷5
709 3440 842 3496 Vivorum
860 3441 1072 3496 meminerimus.
1151 3441 1249 3496 cuius
1268 3441 1390 3512 imagi·

228 3530 313 3567 nem:
342 3511 443 3582 Epicur
462 3512 577 3565 erfreute
595 3509 654 3564 sich
672 3509 717 3564 bei
735 3510 787 3565 den
805 3510 932 3580 Seinigcn
951 3511 1024 3564 einer
1041 3527 1072 3564 so
1090 3529 1202 3580 grossen
1220 3509 1389 3578 versurum,

231 3581 294 3635 dass
313 3580 370 3634 sein
387 3579 450 3634 Bild
468 3579 573 3634 iibersll
591 3577 759 3648 engebracht
776 3578 875 3634 warde.
966 3580 1083 3634 nostri
1100 3578 1304 3634 familiares.
1344 3579 1390 3633 Ob·

230 3649 301 3704 wohl
328 3649 387 3703 sich
404 3649 435 3702 Τ.
453 3647 621 3718 Pomponius
639 3647 751 3701 Atticus
778 3648 855 3702 nicht
882 3647 928 3702 fur
946 3647 1004 3702 eine
1022 3648 1178 3702 bestimmte
1196 3647 1390 3719 Philosophor-

229 3718 320 3772 schule
338 3716 486 3780 antschied,
505 3734 535 3770 so
553 3716 634 3770 stand
652 3734 681 3770 er
699 3717 769 3771 dooh
786 3716 833 3771 der
851 3716 1050 3788 epicureischen
1068 3735 1113 3771 am
1132 3716 1272 3772 niiohstcn.

299 3786 329 3838 4.
366 3789 404 3840 ut
430 3785 463 3839 id
491 3785 594 3839 etiam
621 3803 806 3856 cognomen
829 3790 879 3840 eto.
916 3785 1009 3840 Dieses
1028 3790 1060 3840 ut
1078 3786 1323 3856 consecut.·htngt
1343 3803 1390 3839 von

230 3854 291 3908 dem
308 3855 420 3924 vorigen
437 3856 470 3908 ut
489 3853 525 3907 sit
541 3871 626 3925 paene
645 3854 682 3908 sit
700 3872 731 3908 ex
747 3854 850 3909 Atticis
868 3854 910 3919 ab,
930 3859 968 3908 ‘so
987 3855 1050 3909 dass
1069 3873 1097 3909 er
1115 3854 1261 3925 deswegsn,
1280 3853 1332 3910 wie
1350 3853 1389 3908 ich

230 3921 335 3992 glouba,
355 3922 545 3992 segardiesen
562 3923 710 3977 Boinamen
729 3924 850 3978 erhalten
868 3922 952 3978 wird'.
988 3923 1096 3979 Ebenso
1115 3941 1136 3978 o.
1155 3928 1196 3986 14,
1216 3927 1248 3976 39
1267 3927 1300 3978 ut
1318 3923 1389 3994 ipsae

230 3992 298 4045 vites
317 3991 517 4046 ——fateantur
558 3993 792 4062 Metapontum
810 3992 892 4047 Stadt
911 3991 940 4045 in
956 3993 1097 4048 Luoauieu
1115 4011 1159 4046 em
1178 3992 1389 4047 tarentinisohsn

230 4059 391 4140 Mcerbnsen
408 4059 527 4132 gelegen.
546 4061 614 4114 Hier
632 4061 768 4116 beschloss
786 4061 809 4114 P
829 4061 959 4142 thagoras
978 4079 1028 4115 aus
1046 4061 1151 4125 Samos,
1170 4060 1217 4114 der
1229 4060 1329 4116 Stilter
1347 4059 1389 4140 der

229 4129 663 4253 lll²t?‘⁹tll5l,lllllt,lt
681 4133 773 4254 {1⁰32AE
790 4147 933 4253 attll
950 4128 1387 4270 Lilffnspaolls‘lflllfill}

230 4265 293 4320 dass
312 4267 381 4322 auch
399 4266 528 4322 vidissem
546 4267 665 4338 mogliolr
683 4274 722 4322 sei
740 4267 797 4322 und
815 4265 877 4322 dass
891 4269 917 4322 vi
938 4267 1004 4322 erim
1014 4285 1066 4322 nur
1077 4267 1275 4338 grammaticali
1289 4266 1387 4322 abhin·

187 4367 188 4372 =
229 4335 277 4406 gig
295 4337 333 4391 sei
351 4334 407 4390 und
426 4335 478 4390 den
495 4336 600 4407 logisoh
618 4337 816 4392 coordiniertea
834 4335 941 4406 Begriff
955 4336 1001 4390 des
1019 4336 1119 4391 vidisse
1137 4336 1177 4390 als
1194 4335 1326 4390 Preidioet
1344 4334 1386 4388 des

357 2979 411 3030 ang
429 2961 475 3014 des
494 2959 719 3032 Sophocleisohen
736 2958 854 3030 Oedipus
873 2959 925 3014 auf
939 2960 1067 3015 Gelonos:
1098 2966 1176 3024 τίνας
1201 2961 1323 3035 χώρους
1342 2982 1388 3044 aq
