2942 4950
208 343 269 406 182
445 337 665 408 cernimus
684 336 868 393 BONORUM
885 337 933 394 ΕΤ
951 335 1139 392 MALORUM

207 497 285 580 das?
332 513 386 576 An
409 532 485 575 vero
510 510 681 596 displicuit
704 531 757 588 ea,
784 530 866 592 quae
888 508 1015 574 tributa
1039 514 1091 570 est
1114 506 1215 571 animi
1236 505 1373 570 virtuti-

209 616 271 680 bus
293 620 390 678 tanta
412 614 637 699 praestantia?
660 635 713 691 an,
738 633 822 696 quae
845 610 886 674 de
910 610 1095 696 prudentia,
1121 609 1161 675 de
1179 608 1373 694 cognitione

208 740 329 796 rerum,
353 718 395 781 de
419 717 651 782 coniunctione
674 715 805 800 generis
830 714 985 794 humani,
1016 735 1164 798 quaeque
1188 714 1228 778 ab
1251 712 1375 776 iisdem

208 822 249 886 de
274 821 502 906 temperantia,
528 820 568 883 de
584 819 760 898 modestia,
786 819 826 883 de
842 816 1072 902 magnitudine
1088 817 1200 897 animi,
1225 817 1264 881 de
1280 816 1376 886 omni

207 925 384 988 honestate
407 923 583 990 dicuntur?
606 921 813 987 Fatebuntur
836 920 940 985 Stoici
962 922 1045 986 haec
1068 920 1178 985 omnia
1193 920 1282 984 dicta
1297 941 1375 984 esse

207 1026 374 1110 praeclare
419 1045 525 1107 neque
564 1045 636 1088 eam
676 1044 809 1088 causam
847 1023 973 1087 Zenoni
1011 1023 1217 1087 desciscendi
1253 1021 1372 1086 fuisse.

209 1127 276 1212 (20)
300 1127 378 1192 Alia
401 1127 563 1210 quaedam
586 1126 718 1205 dicent,
752 1125 870 1206 credo,
904 1147 1025 1210 magna
1057 1125 1268 1210 antiquorum
1299 1145 1376 1190 esse

207 1236 356 1312 peccata,
382 1250 465 1312 quae
487 1229 545 1292 ille
568 1228 638 1294 veri
660 1229 886 1312 investigandi
908 1228 1046 1313 cupidus
1062 1229 1155 1294 nullo
1171 1227 1270 1293 modo
1286 1227 1375 1292 ferre

208 1333 365 1417 potuerit.
413 1332 502 1396 Quid
525 1332 612 1396 enim
644 1331 849 1417 perversius,
884 1333 963 1416 quid
994 1332 1258 1411 intolerabilius,
1293 1332 1375 1417 quid

209 1435 345 1498 stultius
370 1457 467 1518 quam
491 1436 612 1500 bonam
635 1435 881 1515 valetudinem,
916 1458 1014 1519 quam
1041 1436 1193 1500 dolorum
1225 1435 1374 1500 omnium

208 1539 421 1617 vacuitatem,
447 1561 546 1622 quam
560 1539 790 1623 integritatem
814 1540 985 1604 oculorum
1007 1539 1274 1623 reliquorumque
1299 1561 1373 1604 sen-

208 1663 304 1724 suum
327 1663 447 1725 ponere
470 1642 624 1707 inbonis
648 1642 780 1726 potius,
815 1665 914 1727 quam
946 1642 1095 1708 dicerent
1123 1643 1207 1706 nihil
1239 1643 1371 1707 omnino

208 1742 371 1808 intereas
403 1766 455 1808 res
486 1744 591 1828 iisque
625 1745 805 1810 contrarias
837 1744 1022 1813 iuteresse?
1060 1766 1098 1810 ea
1130 1745 1217 1809 enim
1249 1745 1370 1824 omnia,

212 1867 294 1928 quae
317 1847 368 1910 illi
392 1848 478 1912 bona
501 1848 660 1927 dicerent,
681 1848 870 1933 praeposita
893 1871 980 1928 esse,
1004 1871 1072 1912 non
1094 1849 1199 1928 bona,
1224 1848 1371 1932 itemque

207 1948 277 2028 illa,
304 1949 444 2032 quaein
468 1973 603 2036 corpore
627 1951 841 2030 excellerent,
867 1952 970 2016 stulte
994 1951 1147 2036 antiquos
1171 1951 1292 2015 dixisse
1311 1972 1371 2034 per

209 2073 244 2116 se
268 2073 339 2118 esse
364 2055 568 2138 expetenda,
593 2055 752 2120 sumenda
776 2055 886 2138 potius
910 2077 1007 2140 quam
1031 2055 1228 2140 expetenda,
1254 2075 1289 2117 ea
1310 2053 1365 2117 de·

209 2155 308 2239 nique
332 2157 421 2222 omni
444 2158 533 2238 vita,
559 2181 642 2242 quae
665 2158 699 2222 in
722 2159 846 2223 virtute
870 2181 936 2224 una
958 2157 1173 2237 consisteret,
1206 2158 1300 2221 illam
1321 2156 1370 2219 vi-

209 2264 288 2338 tam,
315 2283 397 2343 quae
421 2261 521 2326 etiam
545 2261 662 2326 ceteris
685 2262 801 2340 rebus,
827 2283 909 2346 quae
933 2267 1045 2326 essent
1068 2261 1250 2326 seeundum
1273 2265 1372 2324 natu·

207 2383 288 2442 ram,
314 2362 509 2444 abundaret,
535 2365 641 2448 magis
665 2364 884 2449 expetendam
907 2387 974 2429 non
997 2385 1081 2438 esse,
1107 2364 1166 2428 sed
1188 2362 1295 2448 magis
1317 2387 1373 2426 su·

211 2465 384 2545 mendam,
420 2488 559 2551 cumque
582 2468 654 2552 ipsa
676 2468 783 2532 virtus
807 2467 927 2532 efficiat
949 2468 997 2532 ita
1019 2468 1153 2532 beatam
1175 2467 1280 2532 vitam
1289 2516 1300 2546 ,
1333 2472 1375 2530 ut

211 2567 339 2633 beatior
363 2591 433 2632 esse
457 2593 523 2635 uon
546 2570 671 2655 possit,
705 2576 816 2634 tamen
842 2570 1002 2654 quaedam
1025 2571 1140 2635 deesse
1164 2570 1373 2656 sapientibus

209 2677 293 2749 tum,
320 2692 394 2735 cum
418 2671 486 2735 sint
509 2671 708 2737 beatissimi:
741 2672 854 2754 itaque
880 2694 935 2736 eos
959 2672 993 2736 id
1017 2695 1126 2756 agere,
1151 2681 1189 2736 ut
1211 2696 1231 2736 a
1253 2695 1288 2737 se
1313 2673 1373 2737 do-

210 2771 308 2850 lores,
333 2774 478 2853 morbos,
504 2774 695 2840 debilitates
718 2775 895 2858 repellant.

294 2875 356 2938 IX.
383 2875 441 2960 (21)
466 2879 495 2940 Ο
519 2900 674 2961 magnam
696 2878 764 2942 vim
787 2878 912 2962 ingenii
935 2901 1132 2962 causamque
1155 2879 1287 2955 iustam,
1314 2901 1374 2942 cur

208 2998 295 3040 nova
319 2978 495 3043 exsisteret
527 2980 717 3065 disciplina!
764 2983 871 3065 Perge
904 3005 1013 3066 porro.
1061 2984 1252 3066 Sequuntur
1283 2981 1372 3045 euim

213 3098 260 3156 ea,
286 3102 369 3163 quae
391 3087 431 3145 tu
454 3083 674 3148 scientissime
692 3085 883 3168 complexus
901 3107 947 3164 es,
972 3083 1118 3148 omnium
1134 3083 1371 3168 insipientiam,

209 3179 417 3265 iniustitiam,
443 3186 507 3250 alia
529 3186 611 3252 vitia
635 3187 755 3251 similia
779 3210 850 3253 esse
874 3189 1047 3272 omniaque
1071 3194 1209 3273 peccata
1225 3209 1298 3252 esse
1313 3211 1373 3272 pa-

208 3283 268 3364 ria,
293 3308 434 3372 eosque,
466 3291 521 3374 qui
543 3297 662 3357 natura
685 3289 901 3376 doctrinaque
924 3293 1024 3376 longe
1048 3292 1089 3355 ad
1111 3291 1272 3356 virtutem
1295 3313 1372 3374 pro·

278 3511 330 3565 20.
367 3511 488 3566 bonam
506 3511 753 3578 valetudinem,
781 3513 870 3568 wofiir
888 3517 966 3568 ronst
983 3532 1036 3568 nur
1054 3513 1180 3568 valetudo
1200 3513 1290 3576 steht,
1316 3514 1371 3583 vgl.

207 3581 533 3645 1111,34.11115‚51.
603 3582 721 3653 potius
739 3601 836 3652 quam
854 3582 1006 3640 dicerent
1024 3586 1059 3637 st.
1077 3600 1102 3653 p.
1141 3581 1269 3636 .dicant.
1297 3581 1371 3637 Aber

210 3651 265 3705 (lic.
284 3648 398 3730 wandte¹
410 3650 469 3704 sich
487 3651 617 3731 plb'tzlich
635 3651 682 3705 der
700 3651 760 3706 Zeit
778 3651 824 3706 des
838 3651 908 3706 Zeno
927 3671 977 3734 zu,
988 3651 1034 3706 der
1052 3669 1105 3732 von
1122 3601 1177 3705 den
1194 3650 1267 3706 alten
1278 3649 1369 3732 Philo·

210 3717 706 3868 ill.fundllllleulslllllulllill
717 3721 775 3842 tt
792 3719 1369 3858 llllrllslldo‘nlllllclilllffpll

210 3875 249 3910 rm
267 3855 423 3925 Folgendcn
450 3855 620 3912 beibehaltan
649 3857 788 3924 (dicerent,
816 3857 983 3922 excellerent,
1011 3856 1178 3921 consisteret,
1205 3808 1368 3923 abundaret)

210 3925 267 3978 und
286 3927 343 3980 erst
360 3923 461 3980 zuletzt
479 3925 577 3981 wieder
595 3925 762 3998 aulgegeben
780 3925 914 3993 (efficiat).
972 3946 1008 3982 ea
1027 3927 1171 3996 denique
1189 3926 1280 3982 omni
1297 3925 1369 3980 vita

211 3997 261 4048 ete.
280 3991 397 4048 Endlich
417 4013 493 4050 wenn
510 4014 575 4050 man
593 3996 641 4050 das
660 4013 745 4066 gance
762 3995 854 4052 Leben
871 3997 1101 4051 zusammenfasse
1128 3995 1186 4050 und
1204 3995 1252 4050 das
1269 3994 1368 4058 beben,

213 4062 262 4117 das
279 4063 309 4116 in
327 4062 373 4118 der
385 4063 499 4134 Tagend
518 4063 598 4118 allein
616 4063 731 4127 besteht‚
750 4063 803 4118 mit
821 4063 992 4137 demjanigen
1009 4063 1166 4136 vergleiclre,
1185 4063 1234 4119 das
1253 4063 1322 4118 auch
1334 4082 1369 4118 an

211 4131 263 4186 den
281 4132 398 4186 anderen
416 4136 641 4202 naturgemiissen
658 4133 768 4204 Dingen
785 4133 859 4188 reich
878 4134 932 4198 sei,
960 4153 991 4190 so
1019 4134 1057 4189 sei
1075 4133 1160 4189 dieses
1178 4132 1257 4187 nicht
1274 4132 1368 4202 begeh·

211 4200 396 4266 renswerthcr,
416 4201 533 4256 sondern
551 4220 603 4256 nur
620 4202 910 4257 annehmenswerther.

278 4269 326 4324 21.
363 4271 469 4341 Perge
485 4288 602 4341 porro.¹
618 4270 673 4324 Cic.
692 4271 796 4326 fordert
816 4270 869 4326 den
886 4271 956 4326 Cato
975 4270 1030 4336 auf,
1049 4271 1101 4326 mit
1118 4269 1177 4326 ihm
1195 4270 1238 4325 die
1256 4269 1370 4327 Griinde

209 4357 244 4396 au
260 4342 391 4410 erwtgen,
409 4339 527 4394 weshalb
547 4340 619 4396 Zeno
637 4357 691 4395 von
708 4339 757 4395 der
774 4340 848 4396 alten
865 4339 1012 4396 Academia
1029 4339 1180 4409 abgefallen
1198 4339 1244 4394 sei.
1314 4357 1367 4395 no-
