3020 4948
165 339 170 358 '
239 328 279 390 58
470 325 521 379 DE
538 322 690 378 FlNlBUS
709 321 893 378 BONORUM
911 322 958 376 ΕΤ
978 321 1169 378 Mauortem

238 520 353 580 quam,
387 517 447 558 nos
475 495 579 558 mavis
608 517 706 580 quam
734 493 908 558 dialectice
937 493 1127 578 disputare?
1178 492 1283 557 Quasi
1309 513 1405 572 vero,
1498 512 1499 544 ι

238 598 360 683 inquit,
393 603 553 683 perpetua
584 597 688 660 oratio
720 598 890 661 rhetorum
919 598 1041 676 solum,
1075 619 1141 660 non
1170 595 1269 660 etiam
1292 595 1406 680 philo·
1498 616 1499 654 ι

238 703 417 786 sophorum
440 699 495 763 sit.
535 699 676 762 Zenonis
701 705 763 777 est,
788 698 933 782 inquam,
958 699 1022 763 hoc
1039 699 1160 763 Stoici:
1187 721 1316 763 omnem
1333 699 1407 761 vim

237 803 410 888 loquendi,
439 811 479 865 ut
505 801 571 864 iam
600 809 678 865 ante
706 801 922 880 Aristoteles,
955 799 989 865 in
1022 800 1103 864 duas
1135 800 1295 866 tributam
1329 823 1405 865 esse

237 912 363 990 partes,
393 904 595 969 rhetoricam
620 905 765 988 palmae,
795 904 1004 968 dialecticam
1031 903 1135 989 pugni
1162 903 1305 968 similem
1330 925 1406 967 esse

237 1007 385 1085 dicebat,
416 1007 505 1092 quod
532 1006 631 1070 latius
659 1007 875 1090 loquerentur
902 1007 1068 1086 rhetores,
1099 1006 1266 1070 dialectici
1290 1011 1404 1071 autem

238 1109 467 1194 compressius.
517 1110 691 1193 Obsequar
717 1109 821 1196 igitur
848 1109 1015 1173 voluntati
1042 1117 1120 1174 tuae
1152 1109 1345 1193 dicamque,
1378 1110 1406 1172 si

236 1222 368 1298 potero,
406 1213 588 1291 rhetorice,
627 1213 685 1277 sed
715 1213 777 1276 hac
808 1211 973 1276 rhetorica
1004 1213 1292 1298 philosophorum,
1336 1235 1404 1277 non

235 1321 348 1380 nostra
374 1315 432 1379 illa
461 1314 598 1394 lorensi,
632 1337 730 1398 quam
759 1335 894 1379 necesse
923 1321 989 1394 est,
1022 1337 1096 1378 oum
1119 1315 1325 1400 populariter
1355 1315 1404 1378 lo-

131 1503 134 1509 y
236 1424 367 1501 quatur,
392 1439 465 1482 esse
487 1417 655 1481 interdum
678 1418 776 1500 paulo
800 1417 1017 1481 hebetiorem.
1048 1415 1108 1500 (18)
1139 1416 1204 1481 Sed
1228 1418 1305 1480 dum
1333 1417 1404 1481 dia·

234 1519 405 1598 lecticam,
430 1521 611 1603 Torquate,
638 1519 823 1584 contemnit
845 1519 1023 1604 Epicurus,
1054 1543 1136 1604 quae
1159 1543 1225 1583 una
1248 1521 1404 1584 continet

236 1643 366 1685 omnem
391 1629 425 1685 et
447 1621 683 1706 perspiciendi,
715 1621 793 1705 quid
822 1621 856 1684 in
879 1644 1006 1706 quaque
1029 1645 1063 1687 re
1087 1623 1142 1700 sit,
1168 1622 1346 1686 scientiam
1369 1630 1404 1686 et

234 1722 418 1802 iudicandi,
449 1725 546 1808 quale
574 1723 618 1788 sit
642 1723 800 1807 quidque,
832 1731 867 1788 et
892 1724 1019 1789 ratione
1048 1746 1084 1788 ac
1113 1725 1167 1789 via
1194 1725 1400 1809 disputandi,

233 1826 302 1890 ruit
323 1827 356 1890 in
380 1825 535 1906 dicendo,
564 1833 603 1890 ut
626 1827 707 1891 mihi
731 1827 864 1910 quidem
888 1827 1033 1906 videtur,
1063 1850 1125 1893 nec
1149 1849 1202 1908 ea,
1233 1849 1315 1910 quae
1347 1829 1401 1891 do-

235 1951 308 1993 cere
326 1931 415 2008 -vult,
440 1931 509 1993 ulla
532 1937 602 1994 arte
629 1929 817 2015 distinguit,
842 1939 881 1994 ut
904 1933 985 1995 haec
1008 1932 1094 2015 ipsa,
1120 1952 1203 2016 quae
1227 1930 1325 1994 modo
1355 1933 1397 1994 lo·

234 2032 426 2115 quehamur.

320 2137 492 2200 Summum
516 2157 535 2199 a
557 2135 651 2199 vobis
675 2136 801 2200 bonum
823 2137 978 2221 voluptas
1002 2136 1133 2200 dicitur.
1172 2135 1399 2220 Aperiendum

234 2246 286 2303 est
316 2238 434 2324 igitur,
468 2238 547 2323 quid
579 2239 624 2302 sit
655 2240 827 2324 voluptas;
868 2239 964 2303 aliter
996 2239 1082 2302 enim
1120 2237 1277 2322 explicari
1309 2239 1398 2322 quod

236 2342 405 2426 quaeritur
426 2363 493 2405 non
516 2346 638 2427 potest.
687 2337 796 2406 Quam
820 2343 847 2405 ei
870 2342 1114 2426 explicavisset,
1139 2363 1205 2405 non
1228 2347 1297 2405 tam
1318 2343 1395 2405 hae-

236 2445 368 2509 sitaret:
394 2451 451 2508 aut
474 2445 560 2508 enim
582 2467 654 2510 eam
669 2446 879 2528 voluptatem
894 2450 1054 2525 tueretur,
1080 2469 1178 2530 quam
1194 2446 1396 2531 Aristippus,

235 2683 313 2738 nobis
332 2683 418 2738 dicere
436 2701 543 2738 neccsse
560 2685 610 2738 est.
629 2683 662 2739 de
679 2683 763 2739 divin
781 2685 811 2740 II
829 2689 853 2748 8,
866 2689 897 2738 21
918 2685 991 2755 quod
1009 2689 1080 2740 certe
1097 2685 1175 2740 vobis
1192 2685 1233 2740 ita
1251 2684 1398 2740 dicendum

235 2757 277 2808 est
295 2772 322 2807 u.
335 2757 360 2808 ὃ.
431 2751 535 2818 Quasi
552 2770 629 2807 vcro
648 2757 699 2808 eto·
718 2754 766 2808 ‘als
784 2753 818 2808 ob
837 2753 884 2808 der
901 2755 1202 2825 zusammenhiingendc
1214 2755 1335 2824 Vortrag
1354 2754 1398 2809 ein

236 2821 337 2876 Privile
357 2823 415 2877 ium
433 2821 482 2877 der
490 2821 637 2887 Rhetoren,
655 2823 713 2876 und
731 2823 809 2878 nicht
826 2823 897 2878 auch
915 2824 958 2878 ein
971 2823 1060 2878 Reoht
1077 2823 1124 2878 der
1136 2823 1321 2894 Philosophen
1339 2823 1396 2886 sei',

233 2840 364 2962 Negent.
382 2894 424 2953 52,
443 2894 467 2943 2.
510 2891 594 2944 Zeno
613 2909 662 2945 aus
680 2891 798 2946 Oittium
816 2891 868 2946 auf
881 2892 995 2963 Cyprus,
1015 2890 1061 2946 der
1080 2893 1176 2946 Stifter
1194 2891 1241 2947 der
1258 2892 1397 2946 stoischen

235 2960 340 3024 Sohule,
359 2961 424 3013 kam
442 2957 578 3030 ungafahr
595 2979 643 3014 um
661 2964 711 3014 328
729 2981 754 3015 v.
767 2960 829 3014 Chr.
856 2961 928 3015 nach
945 2961 1038 3015 Athen
1067 2960 1125 3016 und
1151 2962 1232 3016 horte
1257 2961 1316 3016 hier
1342 2961 1396 3014 den

234 3028 353 3099 Oyniher
371 3029 479 3093 Crates,
499 3029 543 3082 die
560 3029 716 3098 Megariher
733 3029 821 3100 Stilpo
839 3030 897 3084 und
915 3029 1031 3093 Diodor,
1050 3031 1094 3084 die
1110 3029 1290 3085 Academilrer
1307 3029 1394 3084 Xeno·

234 3101 321 3152 crater
339 3098 396 3152 und
414 3097 533 3153 Polemo.
568 3097 635 3152 Erat
652 3099 690 3153 im
708 3099 823 3154 reiferen
839 3097 1023 3154 Mannesalter
1041 3100 1127 3155 lehrte
1151 3116 1178 3153 er
1201 3100 1231 3154 in
1255 3097 1304 3152 der
1321 3099 1391 3152 στοὰ

234 3169 355 3238 ποικίλη,
375 3167 466 3221 woher
484 3185 512 3221 er
530 3167 614 3222 selbst
633 3168 648 3223 ὁ
668 3166 798 3232 Στωϊκός
816 3172 938 3238 genennt
956 3167 1054 3224 warde.
1090 3169 1129 3223 Er
1148 3168 1223 3223 starb
1243 3169 1280 3223 im
1302 3165 1394 3220 hohen

232 3235 310 3290 Alter
327 3255 374 3291 um
393 3240 443 3290 260
461 3256 486 3290 v.
505 3235 568 3291 Chr.
581 3267 609 3276 -
621 3237 673 3291 Die
691 3237 749 3292 hier
767 3242 961 3308 vorgetrageue
977 3237 1096 3292 Ansicht
1113 3238 1151 3292 ist
1169 3235 1324 3294 iiberlieiert
1341 3253 1396 3288 von

234 3306 306 3360 Sext.
324 3307 403 3376 Emp.
423 3304 483 3360 adv.
502 3306 632 3360 matham.
652 3307 715 3361 117
740 3307 841 3378 Ζῆνων
861 3309 877 3363 ὁ
895 3308 1029 3370 Κιττιεύς
1055 3309 1227 3383 ἐρωτηθείς,
1255 3307 1310 3376 ὅτῳ
1337 3305 1395 3360 δια-

234 3379 319 3449 φέρει
338 3376 496 3446 διαλεκτικὴ
516 3379 674 3451 ῥητορικῆς,
696 3379 863 3449 συστρέψας
881 3377 929 3446 τῆν
944 3384 1032 3449 χεῖρα
1052 3381 1099 3430 καὶ
1117 3376 1202 3432 πάλιν
1222 3375 1396 3437 ἐξαπλώσας

234 3448 308 3515 ἔφη·
336 3444 454 3515 Τούτῳ·
480 3447 552 3498 κατὰ
594 3448 624 3498 ὲν
643 3445 691 3515 τῆν
713 3445 881 3514 συστροφὴν
900 3445 930 3498 τύ
958 3445 1133 3522 στρόῆῆυλον
1159 3450 1206 3499 κατ’
1229 3443 1323 3518 βραχύ
1348 3449 1396 3514 τῆς

234 3515 410 3584 διαλεκτικῆς
427 3512 533 3568 τάττων
554 3466 592 3568 id
1386 3513 1391 3528 ¹

233 3583 323 3636 πλατύ
352 3587 400 3645 fg
423 3585 575 3660 ῥητορικῆς
600 3579 751 3653 δυνάμεως
776 3580 980 3654 αἰνιττόμενος.
1017 3583 1078 3652 Vgl.
1098 3586 1166 3637 crat.
1186 3587 1227 3645 31,
1248 3587 1298 3636 114
1324 3582 1394 3634 Zeno

233 3649 343 3718 quidem
361 3603 405 3703 iile
423 3668 438 3701 a
456 3666 510 3718 quo
528 3646 671 3718 disciplina
690 3648 845 3703 Stoicorum
868 3653 927 3712 est,
957 3669 1041 3705 manu
1068 3651 1254 3706 demonstrare
1282 3649 1394 3712 solebat,

233 3717 300 3787 quid
317 3718 390 3770 inter
407 3717 457 3770 has
476 3719 547 3770 artes
565 3717 717 3771 interesset.
751 3718 826 3772 Nam
844 3736 907 3772 cum
925 3723 1120 3792 compresserat
1138 3719 1241 3790 digitos
1259 3737 1394 3790 pugnum·

233 3803 285 3856 que
303 3785 420 3847 fecerat,
448 3783 617 3840 dialecticam
636 3784 727 3840 aiebat
745 3787 801 3841 eius
821 3785 895 3842 modi
913 3805 978 3850 esse,
997 3807 1060 3844 cum
1077 3793 1170 3843 autem
1194 3787 1340 3843 diduxerat
1367 3791 1394 3840 et

233 3871 346 3908 manum
364 3853 534 3918 dilataverat,
551 3853 657 3924 palmae
674 3855 747 3910 illius
765 3855 880 3912 similem
898 3857 1080 3927 eloquentiam
1099 3876 1157 3913 esse
1175 3857 1290 3912 dicebat.
1326 3874 1393 3910 om-

233 3941 304 3976 nem
321 3921 388 3974 vim
405 3921 583 4003 loquendi,
610 3930 668 3978 πᾶν
686 3926 717 3980 τὸ
738 3929 820 4004 adep
840 3930 948 3991 εσθαι,
978 3946 999 3982 ε.
1017 3947 1051 3981 zu
1070 3927 1095 3981 V
1114 3931 1154 3989 11,
1174 3931 1206 3980 30
1226 3944 1256 3980 ea
1274 3925 1315 3979 vis
1334 3923 1392 3979 dili·

232 3989 322 4060 gendi.
382 3994 431 4070 ¹ut
457 4010 524 4046 ram
551 3995 631 4047 ante
657 3948 873 4050 Aristotetes
900 3995 983 4049 naml.
1006 3996 1148 4051 tribuerat.
1185 3995 1247 4049 Vl.
1265 3994 1306 4048 IV
1324 3999 1349 4057 4,
1368 3997 1391 4046 9.

232 4059 449 4129 populariter
479 4059 707 4127 ‘volksthiimlich
735 4065 1043 4135 gemeinverstandlich',
1071 4064 1105 4118 dc
1131 4065 1184 4136 leg.
1210 4014 1274 4127 lt,
1295 4067 1326 4116 19
1346 4061 1391 4116 sed

232 4128 368 4252 ρορὶηὶετα]
380 4128 408 4182 in
425 4129 551 4210 populari
568 4130 674 4254 τκῆῆοεο
693 4133 780 4187 omnis
799 4137 893 4189 nostra
910 4139 1034 4188 versatur
1052 4135 1148 4198 oratio,
1166 4133 1334 4204 populariter
1352 4131 1391 4184 in·

247 4217 274 4251 er
294 4217 341 4252 um
370 4216 434 4252 our
451 4217 557 4253 necessa
576 4218 635 4254 err.

227 4266 234 4277 ’
302 4267 351 4321 18.
386 4217 492 4322 iliter
510 4267 718 4338 ‘widrigent'alls‚
738 4273 836 4335 sonst',
856 4271 888 4324 de
906 4271 951 4325 off.
969 4271 999 4324 Π
1018 4273 1057 4334 12,
1077 4275 1110 4324 42
1129 4271 1177 4325 Ius
1195 4270 1268 4326 enim
1286 4286 1390 4339 semper

234 4339 274 4390 est
292 4335 446 4406 quaesitum
464 4337 610 4407 aequabile,
628 4356 716 4408 neque
734 4339 806 4392 enim
824 4339 903 4393 aliter
921 4344 990 4394 esset
1007 4339 1059 4393 ius.
1146 4339 1348 4410 Aristippus
1367 4355 1388 4390 s.

583 3518 673 3584 ι’ωμα,
698 3513 746 3566 διὰ
766 3513 797 3567 δὲ
821 3519 870 3582 τῆς
894 3514 1087 3578 creaturam
1110 3519 1165 3569 τῶν
1190 3513 1338 3568 δακτύλων
1363 3533 1393 3566 το
