3024 4938
360 317 422 372 Lis.
441 317 463 371 I.
500 317 565 373 Cer.
585 315 794 372 XVIII-XIX.
832 318 860 384 §§
880 321 990 370 61-63,
1216 321 1255 382 41

181 487 274 550 XIX.
327 487 389 572 (62)
423 488 489 552 Sed
511 495 652 574 possunt
674 490 756 552 haee
781 489 923 572 quadam
944 488 1071 553 ratione
1096 487 1160 552 dici
1191 512 1259 554 non

108 590 191 655 modo
207 612 274 655 non
298 590 575 674 repugnantibus,
600 612 715 654 verum
739 591 840 654 etiam
863 589 1125 674 approbantibus
1148 591 1256 656 nobis.

109 693 153 756 Sic
173 693 259 757 enim
283 694 327 758 ab
350 693 493 778 Epicuro
518 693 648 778 sapiens
672 714 801 777 semper
824 695 943 758 beatus
966 693 1151 758 inducitur:
1186 694 1258 758 fini-

106 804 148 860 tas
163 797 265 860 habet
282 795 496 880 cupiditates,
522 795 675 880 neglegit
698 802 851 876 mortem,
876 796 916 859 de
941 795 990 860 dis
1014 796 1258 862 immortalibus

106 897 163 962 sine
184 898 255 962 ullo
280 905 375 962 metu
397 921 475 963 vera
499 898 620 976 sentit,
655 921 721 962 non
744 897 896 977 dubitat,
931 897 958 961 si
981 897 1028 962 ita
1051 898 1170 962 melius
1202 898 1257 977 sit,

106 1000 231 1083 migrare
257 1001 301 1065 de
324 1001 405 1065 vita.
452 999 514 1065 His
537 1002 636 1064 rebus
660 1000 844 1065 instructus
868 1022 997 1086 semper
1021 1008 1072 1064 est
1103 1000 1137 1064 in
1164 1003 1258 1065 volu-

105 1108 199 1186 0101ος
225 1125 337 1186 neque
361 1102 448 1168 enim
470 1110 603 1186 tempus
628 1110 680 1168 est
702 1104 819 1182 ullum,
845 1127 909 1188 quo
931 1126 998 1168 non
1013 1105 1088 1187 plus
1105 1104 1259 1188 volupta-

103 1213 164 1270 tum
186 1208 314 1272 babeat
337 1229 436 1290 quam
460 1207 623 1272 dolorum.
655 1207 743 1270 Nam
767 1213 801 1270 et
823 1207 1003 1292 praeterita
1026 1212 1121 1292 grate
1144 1207 1259 1270 memi-

104 1308 146 1372 nit
160 1317 192 1374 et
213 1309 449 1396 praesentibus
472 1309 520 1373 ita
543 1309 681 1393 potitur,
706 1316 745 1373 ut
769 1309 1020 1389 animadvertat,
1046 1299 1169 1396 quanta
1192 1310 1260 1374 sint

104 1432 135 1474 ea
156 1435 320 1496 quamque
344 1412 498 1492 iucunda,
522 1435 629 1497 neque
652 1412 776 1498 pendet
800 1435 841 1476 ex
856 1412 988 1492 futuris,
1013 1415 1073 1478 sed
1089 1419 1260 1498 exspectat

103 1512 162 1592 illa,
184 1515 310 1579 fruitur
331 1514 562 1599 praesentibus
586 1515 626 1578 ab
654 1514 760 1598 iisque
791 1514 902 1594 vitiis,
937 1536 1020 1601 quae
1052 1517 1149 1600 paulo
1182 1525 1260 1580 ante

103 1617 212 1700 collegi
218 1666 228 1697 ,
264 1619 364 1682 abest
387 1617 566 1702 plurimum
589 1625 640 1696 et,
675 1639 749 1682 eum
772 1618 952 1682 stultorum
975 1618 1080 1682 vitam
1103 1641 1178 1684 oum
1202 1643 1261 1682 sun

105 1730 272 1805 comparat,
299 1743 421 1804 magna
444 1720 588 1784 afficitur
610 1721 796 1806 voluptate.
841 1721 983 1786 Dolores
1006 1729 1129 1804 autem,
1153 1722 1181 1786 si
1205 1724 1260 1806 qui

105 1819 273 1904 incurrunt,
301 1846 472 1908 nunquam
486 1823 554 1887 vim
576 1828 704 1888 tantam
726 1824 865 1906 habent,
889 1829 1016 1890 utnon
1039 1825 1114 1908 plus
1137 1826 1261 1890 habeat

105 1924 220 2008 sepiens
254 1925 347 2010 quod
379 1926 525 2010 gaudeat
557 1949 656 2010 quam
689 1927 778 2010 quod
810 1935 963 2012 angatur.
1026 1926 1090 2012 (63)
1125 1929 1260 2013 Optime

104 2047 169 2091 vero
191 2030 371 2114 Epicurus
396 2029 486 2113 quod
510 2029 662 2114 exiguam
687 2029 773 2094 dixit
795 2029 963 2108 fortunam
986 2029 1185 2094 intervenire
1209 2055 1259 2095 sa-

104 2129 196 2212 pienti
217 2133 448 2217 maximasque
472 2133 513 2197 ab
537 2155 575 2196 eo
600 2142 634 2196 et
663 2133 875 2217 gravissimas
905 2155 956 2197 res
987 2133 1125 2197 oonsilio
1157 2134 1260 2217 ipsius

104 2237 132 2293 et
151 2235 280 2300 ratione
306 2233 544 2313 administrari,
573 2256 680 2318 neque
708 2235 864 2298 maiorem
891 2237 1099 2319 voluptatem
1123 2235 1260 2298 001011-

103 2334 163 2400 nito
185 2345 340 2422 tempore
364 2337 482 2402 aetatis
505 2337 631 2422 percipi
653 2360 750 2424 posse
775 2361 872 2422 quam
896 2360 937 2404 ex
960 2340 1023 2403 hoe
1047 2338 1258 2423 percipiatur,

103 2440 181 2519 quod
202 2441 378 2506 videamus
402 2463 473 2506 esse
497 2440 641 2505 finitum.

162 2610 260 2668 Dieses
278 2611 415 2668 wahrbast
433 2611 605 2694 gliicklichen
621 2612 727 2667 Lebene
750 2611 817 2667 wird
843 2631 896 2666 nur
924 2612 971 2666 der
994 2612 1082 2667 Weise
1109 2631 1143 2668 zu
1170 2613 1260 2678 Theil;

104 2675 145 2731 das
160 2678 232 2735 lehrt
254 2680 298 2734 die
315 2681 405 2736 Moral
423 2681 575 2752 hilosopbie
592 2680 616 2734 Ε
635 2681 707 2735 icurs
726 2683 751 2746 (ξ
771 2685 812 2734 62.
823 2685 877 2748 63).
901 2681 957 2736 Der
968 2681 1105 2737 Dialectilr
1120 2682 1147 2738 10
1196 2681 1260 2752 Epi·

103 2763 143 2800 cur
160 2747 274 2804 deshalb
292 2749 390 2804 lreinen
405 2700 574 2804 besonderen
628 2750 688 2804 erth
707 2749 766 2814 bei,
793 2750 853 2806 weil
870 2749 909 2804 sie
926 2769 961 2804 zu
983 2750 1071 2806 einem
1089 2750 1152 2821 gltie
1183 2749 1260 2806 ‘chen

102 2813 185 2870 Leben
202 2839 239 2874 zu
259 2818 357 2872 ftihren
376 2819 454 2873 nieht
471 2819 510 2873 im
522 2818 625 2874 Stande
643 2819 694 2883 ist;
712 2819 783 2874 wohl
801 2819 864 2874 aber
882 2817 956 2873 kann
974 2819 1030 2873 dies
1050 2819 1093 2874 die
1109 2819 1260 2890 Neturpbi·

103 2881 223 2956 losopbie,
244 2886 337 2942 indam
356 2888 394 2942 sie
412 2888 461 2942 das
479 2887 577 2943 Wesen
604 2887 650 2942 der
668 2886 759 2958 Dinge
787 2888 922 2942 erkennen
948 2887 1017 2942 ldsst
1043 2888 1101 2942 und
1127 2907 1180 2943 uns
1206 2906 1260 2942 von

102 2951 287 3076 Aberglauben
304 2956 362 3011 und
380 2956 562 3011 Todesfureht
580 2956 677 3012 besteit
696 2959 722 3022 (ᾖ
736 2959 789 3024 64).
826 2956 903 3027 (Cap,
924 2960 976 3024 19.)

121 3089 126 3100 ι
184 3023 214 3080 2.
254 3025 411 3096 neglegit
437 3030 587 3080 mortem.
622 3025 721 3080 Davon
748 3045 802 3080 war
828 3026 913 3080 sebon
940 3044 962 3079 c.
983 3030 1022 3088 12,
1041 3031 1074 3080 40
1091 3025 1148 3080 und
1168 3030 1208 3090 15,
1227 3029 1260 3078 49

104 3087 142 3144 dre
157 3091 239 3148 Rode.
329 3094 357 3148 si
374 3094 425 3148 ita
443 3095 565 3149 melius
583 3093 638 3149 sit.
674 3094 718 3148 Da
736 3093 783 3149 der
801 3093 1037 3149 Conditionalsatz
1056 3114 1118 3149 zum
1136 3093 1260 3150 Infinitiv

104 3157 202 3280 pppbrt,
220 3179 253 3218 eo
272 3163 347 3217 steht
365 3161 414 3216 des
431 3163 553 3220 Verbum
570 3163 610 3216 im
627 3163 801 3232 Oonjnnntiv,
819 3163 890 3217 ohne
908 3163 986 3218 einen
1003 3163 1124 3217 Einfluss
1143 3165 1195 3218 auf
1208 3162 1261 3217 den

146 3248 164 3282 0
180 3233 254 3286 tecta
271 3251 307 3286 zu
324 3231 404 3286 iiben.
491 3233 637 3302 migrare
654 3230 694 3285 de
710 3231 792 3286 vita.
827 3231 906 3285 Auch
924 3231 1026 3286 miter
1042 3231 1184 3286 verbindet
1202 3231 1258 3286 Cio.

106 3293 158 3350 dies
197 3299 307 3356 erbum:
336 3300 368 3354 de
385 3300 437 3370 leg.
455 3298 484 3354 Π
503 3305 544 3364 22,
563 3303 595 3353 55
623 3299 738 3354 maiores
757 3317 802 3354 eos
820 3299 917 3369 quiex
935 3299 1061 3354 hacvita
1087 3300 1259 3369 migrassent.

104 3363 356 3440 Somn.Scip.1,1
386 3374 449 3423 ante
468 3388 551 3440 quam
569 3387 600 3423 ex
618 3369 669 3423 hae
687 3367 746 3423 vita
764 3369 861 3449 migro.
897 3372 955 3431 3‚7
983 3386 1014 3421 ex
1032 3367 1175 3422 hominum
1201 3368 1259 3422 vita

104 3434 272 3506 migrandum
290 3441 340 3492 est.
361 3435 429 3508 ,ng
448 3438 481 3492 de
499 3457 556 3494 aen.
575 3443 616 3501 23,
636 3443 669 3492 84
688 3456 718 3492 ex
735 3437 852 3492 vitante
870 3437 986 3501 discede,
1004 3441 1146 3506 tamquam
1164 3454 1196 3500 ex
1213 3435 1260 3492 ho·

104 3504 188 3572 spito,
204 3525 262 3561 non
279 3511 422 3576 tamquam
440 3524 471 3561 ex
488 3507 578 3564 domo.
665 3511 766 3578 grate
788 3531 812 3554 =
835 3511 916 3578 grato
934 3506 1034 3560 enimc.
1121 3504 1209 3574 quod
1228 3536 1259 3545 —

105 3581 254 3642 angatur.
282 3575 371 3630 Ucber
389 3576 441 3630 den
458 3577 555 3630 Aecus.
571 3576 647 3700 1quod
666 3595 686 3632 s.
705 3577 805 3658 Zumpt
824 3579 837 3642 5
856 3579 915 3630 385.

165 3642 216 3698 63.
266 3645 422 3713 exiguam
452 3645 542 3698 dixit
589 3650 746 3700 ortunam
776 3645 988 3702 1ntervenire
1016 3641 1167 3714 sepienti
1202 3641 1260 3697 ‘das

104 3707 237 3767 Schiclrsal
254 3713 362 3767 lromme
381 3712 442 3766 dem
460 3713 568 3768 Weisen
587 3714 673 3770 selten
691 3714 720 3768 in
739 3714 782 3768 die
800 3714 899 3780 Quere,
917 3713 1008 3769 ko'nne
1026 3712 1085 3766 ihm
1103 3730 1155 3766 nur
1173 3711 1260 3784 wenig

104 3777 239 3836 enhaben'.
275 3780 333 3835 Das
350 3781 476 3852 Adjeetiv
504 3782 629 3853 exiguam
656 3782 767 3837 vertritt
794 3783 837 3838 die
864 3783 946 3837 Stelle
970 3782 1042 3836 eines
1068 3779 1259 3836 Aduerbiums.

103 3845 203 3906 Ebeuso
222 3849 302 3905 Tuso
320 3849 345 3902 V
364 3855 388 3910 9,
408 3854 440 3904 26
470 3851 537 3920 quid
555 3851 651 3906 melius
669 3870 751 3922 quem
778 3852 918 3906 fortunam
946 3851 1070 3922 exiguam
1097 3850 1260 3906 intervenire

105 3919 231 3986 sapienti?
248 3919 301 3974 Die
318 3919 414 3974 Worte
431 3920 547 3990 Epicnrs
565 3921 609 3975 bei
625 3920 706 3989 Diog.
724 3920 815 3975 baert.
834 3921 925 3975 11144
943 3919 1066 3996 βραχεῖα
1087 3927 1172 3990 σοφῷ
1190 3921 1258 3992 τύχη

104 3995 306 4076 παρξμσιίπτει,
336 3989 561 4076 0011101000το
588 3995 637 4077 aot
663 3989 830 4077 0000010000ἲ
852 3991 866 4046 ὁ
896 3992 1034 4076 λοχισμός
1061 3989 1184 4070 depingor
1212 3995 1260 4044 καὶ

105 4074 309 4201 stercus
340 4056 1260 4202 01οῗ100010100011000000100

104 4191 239 4250 videamus
257 4193 483 4265 gerecbtfertigt,
511 4193 546 4248 da
565 4193 620 4248 Cic.
648 4193 691 4248 bei
708 4193 886 4266 Wiedergebe
912 4214 966 4249 von
991 4195 1186 4266 Aussprtiehen
1213 4194 1260 4248 der

104 4257 208 4318 Philoso
228 4264 283 4318 hen
301 4282 353 4319 nur
372 4265 458 4319 seltcn
476 4263 519 4318 die
536 4262 625 4317 Isehre
642 4280 695 4316 von
713 4261 760 4317 der
779 4263 933 4318 consecutio
951 4267 1107 4334 temporum
1126 4263 1259 4318 beachtet.

105 4325 159 4398 Vgt
239 4337 280 4396 20,
300 4335 341 4387 et.
411 4350 516 4402 neque
534 4331 696 4387 maiorem
713 4331 926 4402 voluptatem
945 4335 995 4386 etc.
1020 4332 1101 4402 Diog.
1120 4331 1213 4386 Laert.
1231 4332 1259 4384 X
