<?xml version="1.0" encoding="UTF-8"?>
<!DOCTYPE html PUBLIC "-//W3C//DTD XHTML 1.0 Transitional//EN"
    "http://www.w3.org/TR/xhtml1/DTD/xhtml1-transitional.dtd">
<html xmlns="http://www.w3.org/1999/xhtml" xml:lang="en" lang="en">
 <head>
  <title>
</title>
<meta http-equiv="Content-Type" content="text/html;charset=utf-8" />
  <meta name='ocr-system' content='tesseract 3.04.00' />
  <meta name='ocr-capabilities' content='ocr_page ocr_carea ocr_par ocr_line ocrx_word'/>
</head>
<body>
  <div class='ocr_page' id='page_1' title='image "./definibusbonoru00holsgoog_0101.png"; bbox 0 0 3020 4948; ppageno 0'>
   <div class='ocr_carea' id='block_1_1' title="bbox 429 263 1278 382">
    <p class='ocr_par' dir='ltr' id='par_1_1' title="bbox 429 263 1278 382">
     <span class='ocr_line' id='line_1_1' title="bbox 429 263 1278 382; baseline 0.011 -16"><span class='ocrx_word' id='word_1_1' title='bbox 429 312 491 367; x_wconf 73' lang='lat' dir='ltr'>nn.</span> <span class='ocrx_word' id='word_1_2' title='bbox 509 313 547 368; x_wconf 88' lang='lat'>11.</span> <span class='ocrx_word' id='word_1_3' title='bbox 582 311 647 368; x_wconf 67' lang='lat' dir='ltr'>on.</span> <span class='ocrx_word' id='word_1_4' title='bbox 665 312 741 368; x_wconf 80' lang='lat' dir='ltr'>xiv.</span> <span class='ocrx_word' id='word_1_5' title='bbox 778 316 807 380; x_wconf 59' lang='grc' dir='ltr'>ες</span> <span class='ocrx_word' id='word_1_6' title='bbox 826 317 936 370; x_wconf 79' lang='lat'>44-46.</span> <span class='ocrx_word' id='word_1_7' title='bbox 988 292 989 301; x_wconf 70' lang='lat'><em>&#39;</em></span> <span class='ocrx_word' id='word_1_8' title='bbox 1221 263 1278 382; x_wconf 69' lang='lat' dir='ltr'>ar</span> 
     </span>
    </p>
   </div>
   <div class='ocr_carea' id='block_1_2' title="bbox 93 482 1299 2626">
    <p class='ocr_par' dir='ltr' id='par_1_2' title="bbox 93 482 1299 2626">
     <span class='ocr_line' id='line_1_2' title="bbox 94 482 1262 568; baseline 0.005 -22"><span class='ocrx_word' id='word_1_9' title='bbox 94 482 249 560; x_wconf 84' lang='lat' dir='ltr'>faciunt,</span> <span class='ocrx_word' id='word_1_10' title='bbox 274 483 350 566; x_wconf 88' lang='lat' dir='ltr'>quia</span> <span class='ocrx_word' id='word_1_11' title='bbox 373 484 488 562; x_wconf 88' lang='lat' dir='ltr'>decet,</span> <span class='ocrx_word' id='word_1_12' title='bbox 515 484 591 568; x_wconf 88' lang='lat' dir='ltr'>quia</span> <span class='ocrx_word' id='word_1_13' title='bbox 612 491 760 562; x_wconf 87' lang='lat' dir='ltr'>rectum,</span> <span class='ocrx_word' id='word_1_14' title='bbox 794 485 870 568; x_wconf 86' lang='lat' dir='ltr'>quia</span> <span class='ocrx_word' id='word_1_15' title='bbox 892 486 1069 550; x_wconf 88' lang='lat' dir='ltr'>honestum</span> <span class='ocrx_word' id='word_1_16' title='bbox 1094 495 1165 566; x_wconf 88' lang='lat' dir='ltr'>est,</span> <span class='ocrx_word' id='word_1_17' title='bbox 1198 488 1262 552; x_wconf 88' lang='lat' dir='ltr'>etsi</span> 
     </span>
     <span class='ocr_line' id='line_1_3' title="bbox 96 587 1260 671; baseline 0.005 -21"><span class='ocrx_word' id='word_1_18' title='bbox 96 587 236 651; x_wconf 89' lang='lat' dir='ltr'>nullum</span> <span class='ocrx_word' id='word_1_19' title='bbox 260 595 512 652; x_wconf 87' lang='lat' dir='ltr'>consecuturum</span> <span class='ocrx_word' id='word_1_20' title='bbox 537 589 799 652; x_wconf 90' lang='lat' dir='ltr'>emolumentum</span> <span class='ocrx_word' id='word_1_21' title='bbox 822 589 946 654; x_wconf 87' lang='lat' dir='ltr'>vident.</span> <span class='ocrx_word' id='word_1_22' title='bbox 979 591 1138 656; x_wconf 85' lang='lat' dir='ltr'>Homines</span> <span class='ocrx_word' id='word_1_23' title='bbox 1162 592 1260 671; x_wconf 91' lang='lat' dir='ltr'>enim,</span> 
     </span>
     <span class='ocr_line' id='line_1_4' title="bbox 97 688 1299 776; baseline 0.005 -24"><span class='ocrx_word' id='word_1_24' title='bbox 97 688 165 752; x_wconf 85' lang='lat' dir='ltr'>etsi</span> <span class='ocrx_word' id='word_1_25' title='bbox 191 689 266 752; x_wconf 83' lang='lat' dir='ltr'>aliis</span> <span class='ocrx_word' id='word_1_26' title='bbox 292 689 417 768; x_wconf 90' lang='lat' dir='ltr'>multis,</span> <span class='ocrx_word' id='word_1_27' title='bbox 442 697 554 754; x_wconf 88' lang='lat' dir='ltr'>tamen</span> <span class='ocrx_word' id='word_1_28' title='bbox 569 692 633 754; x_wconf 90' lang='lat' dir='ltr'>hoc</span> <span class='ocrx_word' id='word_1_29' title='bbox 648 713 713 754; x_wconf 92' lang='lat' dir='ltr'>uno</span> <span class='ocrx_word' id='word_1_30' title='bbox 729 691 907 776; x_wconf 91' lang='lat' dir='ltr'>plurimum</span> <span class='ocrx_word' id='word_1_31' title='bbox 924 692 1073 756; x_wconf 86' lang='lat' dir='ltr'>abestiis</span> <span class='ocrx_word' id='word_1_32' title='bbox 1093 693 1260 774; x_wconf 83' lang='lat' dir='ltr'>differunt,</span> <span class='ocrx_word' id='word_1_33' title='bbox 1298 723 1299 726; x_wconf 41' lang='lat'>¹</span> 
     </span>
     <span class='ocr_line' id='line_1_5' title="bbox 100 790 1263 877; baseline 0.004 -23"><span class='ocrx_word' id='word_1_34' title='bbox 100 790 193 874; x_wconf 89' lang='lat' dir='ltr'>qnod</span> <span class='ocrx_word' id='word_1_35' title='bbox 217 791 380 854; x_wconf 86' lang='lat' dir='ltr'>rationem</span> <span class='ocrx_word' id='word_1_36' title='bbox 403 792 530 855; x_wconf 89' lang='lat' dir='ltr'>habent</span> <span class='ocrx_word' id='word_1_37' title='bbox 554 814 573 855; x_wconf 84' lang='lat' dir='ltr'>a</span> <span class='ocrx_word' id='word_1_38' title='bbox 594 798 712 856; x_wconf 86' lang='lat' dir='ltr'>natura</span> <span class='ocrx_word' id='word_1_39' title='bbox 735 791 847 856; x_wconf 86' lang='lat' dir='ltr'>datam</span> <span class='ocrx_word' id='word_1_40' title='bbox 870 797 1079 877; x_wconf 90' lang='lat' dir='ltr'>mentemque</span> <span class='ocrx_word' id='word_1_41' title='bbox 1103 816 1212 859; x_wconf 87' lang='lat' dir='ltr'>acrem</span> <span class='ocrx_word' id='word_1_42' title='bbox 1228 803 1263 859; x_wconf 91' lang='lat' dir='ltr'>et</span> 
     </span>
     <span class='ocr_line' id='line_1_6' title="bbox 99 893 1261 980; baseline 0.005 -24"><span class='ocrx_word' id='word_1_43' title='bbox 99 893 275 978; x_wconf 79' lang='lat' dir='ltr'>vigentem</span> <span class='ocrx_word' id='word_1_44' title='bbox 300 894 534 979; x_wconf 82' lang='lat' dir='ltr'>celerrimeque</span> <span class='ocrx_word' id='word_1_45' title='bbox 556 896 663 959; x_wconf 87' lang='lat' dir='ltr'>multa</span> <span class='ocrx_word' id='word_1_46' title='bbox 685 895 783 959; x_wconf 91' lang='lat' dir='ltr'>simul</span> <span class='ocrx_word' id='word_1_47' title='bbox 807 895 989 980; x_wconf 84' lang='lat' dir='ltr'>agitantem</span> <span class='ocrx_word' id='word_1_48' title='bbox 1013 903 1058 975; x_wconf 86' lang='lat' dir='ltr'>et,</span> <span class='ocrx_word' id='word_1_49' title='bbox 1082 904 1121 960; x_wconf 91' lang='lat' dir='ltr'>ut</span> <span class='ocrx_word' id='word_1_50' title='bbox 1142 897 1190 962; x_wconf 88' lang='lat' dir='ltr'>ita</span> <span class='ocrx_word' id='word_1_51' title='bbox 1213 899 1261 962; x_wconf 91' lang='lat' dir='ltr'>di·</span> 
     </span>
     <span class='ocr_line' id='line_1_7' title="bbox 104 1000 1262 1082; baseline 0.005 -22"><span class='ocrx_word' id='word_1_52' title='bbox 104 1018 183 1076; x_wconf 87' lang='lat' dir='ltr'>cam,</span> <span class='ocrx_word' id='word_1_53' title='bbox 211 1019 379 1082; x_wconf 81' lang='lat' dir='ltr'>sagacem,</span> <span class='ocrx_word' id='word_1_54' title='bbox 406 1021 487 1082; x_wconf 89' lang='lat' dir='ltr'>quae</span> <span class='ocrx_word' id='word_1_55' title='bbox 505 1007 539 1062; x_wconf 86' lang='lat' dir='ltr'>et</span> <span class='ocrx_word' id='word_1_56' title='bbox 556 1021 671 1068; x_wconf 79' lang='lat' dir='ltr'>causas</span> <span class='ocrx_word' id='word_1_57' title='bbox 686 1021 795 1063; x_wconf 90' lang='lat' dir='ltr'>rerum</span> <span class='ocrx_word' id='word_1_58' title='bbox 819 1008 853 1062; x_wconf 90' lang='lat' dir='ltr'>et</span> <span class='ocrx_word' id='word_1_59' title='bbox 877 1000 1126 1065; x_wconf 72' lang='lat' dir='ltr'>consecutiones</span> <span class='ocrx_word' id='word_1_60' title='bbox 1150 1001 1262 1066; x_wconf 88' lang='lat' dir='ltr'>videat</span> 
     </span>
     <span class='ocr_line' id='line_1_8' title="bbox 104 1100 1262 1188; baseline 0.006 -26"><span class='ocrx_word' id='word_1_61' title='bbox 104 1107 137 1163; x_wconf 90' lang='lat' dir='ltr'>et</span> <span class='ocrx_word' id='word_1_62' title='bbox 164 1100 403 1166; x_wconf 74' lang='lat' dir='ltr'>similitudines</span> <span class='ocrx_word' id='word_1_63' title='bbox 435 1101 614 1166; x_wconf 84' lang='lat' dir='ltr'>transferat</span> <span class='ocrx_word' id='word_1_64' title='bbox 646 1110 680 1165; x_wconf 90' lang='lat' dir='ltr'>et</span> <span class='ocrx_word' id='word_1_65' title='bbox 711 1102 876 1166; x_wconf 87' lang='lat' dir='ltr'>disiuncta</span> <span class='ocrx_word' id='word_1_66' title='bbox 909 1104 1089 1188; x_wconf 76' lang='lat' dir='ltr'>coniungat</span> <span class='ocrx_word' id='word_1_67' title='bbox 1121 1111 1155 1168; x_wconf 88' lang='lat' dir='ltr'>et</span> <span class='ocrx_word' id='word_1_68' title='bbox 1187 1127 1262 1169; x_wconf 91' lang='lat' dir='ltr'>cum</span> 
     </span>
     <span class='ocr_line' id='line_1_9' title="bbox 102 1203 1260 1290; baseline 0.002 -22"><span class='ocrx_word' id='word_1_69' title='bbox 102 1203 334 1286; x_wconf 84' lang='lat' dir='ltr'>praesentibus</span> <span class='ocrx_word' id='word_1_70' title='bbox 366 1203 478 1268; x_wconf 84' lang='lat' dir='ltr'>futura</span> <span class='ocrx_word' id='word_1_71' title='bbox 510 1205 645 1289; x_wconf 88' lang='lat' dir='ltr'>copulet</span> <span class='ocrx_word' id='word_1_72' title='bbox 676 1226 870 1289; x_wconf 88' lang='lat' dir='ltr'>omnemque</span> <span class='ocrx_word' id='word_1_73' title='bbox 902 1207 1142 1290; x_wconf 82' lang='lat' dir='ltr'>complectatur</span> <span class='ocrx_word' id='word_1_74' title='bbox 1172 1207 1260 1270; x_wconf 86' lang='lat' dir='ltr'>vitae</span> 
     </span>
     <span class='ocr_line' id='line_1_10' title="bbox 101 1307 1261 1392; baseline 0.003 -22"><span class='ocrx_word' id='word_1_75' title='bbox 101 1307 337 1392; x_wconf 86' lang='lat' dir='ltr'>consequentis</span> <span class='ocrx_word' id='word_1_76' title='bbox 361 1314 498 1372; x_wconf 87' lang='lat' dir='ltr'>statum.</span> <span class='ocrx_word' id='word_1_77' title='bbox 543 1308 734 1391; x_wconf 81' lang='lat' dir='ltr'>Eademque</span> <span class='ocrx_word' id='word_1_78' title='bbox 756 1308 840 1372; x_wconf 87' lang='lat' dir='ltr'>ratio</span> <span class='ocrx_word' id='word_1_79' title='bbox 863 1309 945 1373; x_wconf 86' lang='lat' dir='ltr'>fecit</span> <span class='ocrx_word' id='word_1_80' title='bbox 967 1310 1133 1376; x_wconf 89' lang='lat' dir='ltr'>hominem</span> <span class='ocrx_word' id='word_1_81' title='bbox 1155 1311 1261 1375; x_wconf 92' lang='lat' dir='ltr'>homi-</span> 
     </span>
     <span class='ocr_line' id='line_1_11' title="bbox 100 1412 1260 1496; baseline 0.004 -22"><span class='ocrx_word' id='word_1_82' title='bbox 100 1433 180 1474; x_wconf 89' lang='lat' dir='ltr'>num</span> <span class='ocrx_word' id='word_1_83' title='bbox 203 1417 415 1496; x_wconf 71' lang='lat' dir='ltr'>appetentem</span> <span class='ocrx_word' id='word_1_84' title='bbox 443 1433 582 1495; x_wconf 88' lang='lat' dir='ltr'>cumque</span> <span class='ocrx_word' id='word_1_85' title='bbox 606 1412 646 1475; x_wconf 84' lang='lat' dir='ltr'>iis</span> <span class='ocrx_word' id='word_1_86' title='bbox 669 1419 787 1476; x_wconf 89' lang='lat' dir='ltr'>natura</span> <span class='ocrx_word' id='word_1_87' title='bbox 810 1420 844 1476; x_wconf 91' lang='lat' dir='ltr'>et</span> <span class='ocrx_word' id='word_1_88' title='bbox 867 1435 1016 1477; x_wconf 87' lang='lat' dir='ltr'>sermone</span> <span class='ocrx_word' id='word_1_89' title='bbox 1041 1420 1075 1478; x_wconf 89' lang='lat' dir='ltr'>et</span> <span class='ocrx_word' id='word_1_90' title='bbox 1098 1438 1160 1478; x_wconf 91' lang='lat' dir='ltr'>usu</span> <span class='ocrx_word' id='word_1_91' title='bbox 1184 1436 1260 1479; x_wconf 88' lang='lat' dir='ltr'>con·</span> 
     </span>
     <span class='ocr_line' id='line_1_12' title="bbox 101 1514 1262 1599; baseline 0.005 -23"><span class='ocrx_word' id='word_1_92' title='bbox 101 1521 295 1596; x_wconf 81' lang='lat' dir='ltr'>gruentem,</span> <span class='ocrx_word' id='word_1_93' title='bbox 325 1520 363 1578; x_wconf 91' lang='lat' dir='ltr'>ut</span> <span class='ocrx_word' id='word_1_94' title='bbox 386 1514 555 1599; x_wconf 85' lang='lat' dir='ltr'>profectus</span> <span class='ocrx_word' id='word_1_95' title='bbox 578 1538 597 1578; x_wconf 88' lang='lat' dir='ltr'>a</span> <span class='ocrx_word' id='word_1_96' title='bbox 621 1515 758 1579; x_wconf 87' lang='lat' dir='ltr'>caritate</span> <span class='ocrx_word' id='word_1_97' title='bbox 782 1515 1040 1580; x_wconf 82' lang='lat' dir='ltr'>domesticorum</span> <span class='ocrx_word' id='word_1_98' title='bbox 1063 1539 1100 1580; x_wconf 88' lang='lat' dir='ltr'>ao</span> <span class='ocrx_word' id='word_1_99' title='bbox 1128 1540 1262 1582; x_wconf 88' lang='lat' dir='ltr'>suorum</span> 
     </span>
     <span class='ocr_line' id='line_1_13' title="bbox 107 1617 1261 1703; baseline 0.006 -24"><span class='ocrx_word' id='word_1_100' title='bbox 107 1624 215 1701; x_wconf 87' lang='lat' dir='ltr'>serpat</span> <span class='ocrx_word' id='word_1_101' title='bbox 238 1617 372 1701; x_wconf 84' lang='lat' dir='ltr'>longius</span> <span class='ocrx_word' id='word_1_102' title='bbox 398 1625 432 1682; x_wconf 86' lang='lat' dir='ltr'>et</span> <span class='ocrx_word' id='word_1_103' title='bbox 455 1639 489 1682; x_wconf 88' lang='lat' dir='ltr'>se</span> <span class='ocrx_word' id='word_1_104' title='bbox 513 1618 663 1703; x_wconf 87' lang='lat' dir='ltr'>implicet</span> <span class='ocrx_word' id='word_1_105' title='bbox 694 1619 835 1703; x_wconf 91' lang='lat' dir='ltr'>primum</span> <span class='ocrx_word' id='word_1_106' title='bbox 868 1620 1007 1699; x_wconf 89' lang='lat' dir='ltr'>civium,</span> <span class='ocrx_word' id='word_1_107' title='bbox 1041 1621 1160 1685; x_wconf 89' lang='lat' dir='ltr'>deinde</span> <span class='ocrx_word' id='word_1_108' title='bbox 1193 1645 1261 1686; x_wconf 93' lang='lat' dir='ltr'>om-</span> 
     </span>
     <span class='ocr_line' id='line_1_14' title="bbox 111 1719 1261 1809; baseline 0.006 -27"><span class='ocrx_word' id='word_1_109' title='bbox 111 1719 198 1784; x_wconf 86' lang='lat' dir='ltr'>nium</span> <span class='ocrx_word' id='word_1_110' title='bbox 216 1721 407 1786; x_wconf 81' lang='lat' dir='ltr'>mortalium</span> <span class='ocrx_word' id='word_1_111' title='bbox 436 1723 611 1802; x_wconf 88' lang='lat' dir='ltr'>societate,</span> <span class='ocrx_word' id='word_1_112' title='bbox 643 1729 758 1806; x_wconf 86' lang='lat' dir='ltr'>atque,</span> <span class='ocrx_word' id='word_1_113' title='bbox 786 1731 825 1788; x_wconf 91' lang='lat' dir='ltr'>ut</span> <span class='ocrx_word' id='word_1_114' title='bbox 852 1723 894 1786; x_wconf 85' lang='lat' dir='ltr'>ad</span> <span class='ocrx_word' id='word_1_115' title='bbox 916 1726 1100 1809; x_wconf 81' lang='lat' dir='ltr'>Archytam</span> <span class='ocrx_word' id='word_1_116' title='bbox 1128 1725 1261 1809; x_wconf 88' lang='lat' dir='ltr'>scripsit</span> 
     </span>
     <span class='ocr_line' id='line_1_15' title="bbox 113 1822 1260 1912; baseline 0.007 -28"><span class='ocrx_word' id='word_1_117' title='bbox 113 1822 223 1902; x_wconf 90' lang='lat' dir='ltr'>Plato,</span> <span class='ocrx_word' id='word_1_118' title='bbox 244 1847 313 1888; x_wconf 92' lang='lat' dir='ltr'>non</span> <span class='ocrx_word' id='word_1_119' title='bbox 336 1823 399 1888; x_wconf 91' lang='lat' dir='ltr'>sibi</span> <span class='ocrx_word' id='word_1_120' title='bbox 421 1847 456 1888; x_wconf 92' lang='lat' dir='ltr'>se</span> <span class='ocrx_word' id='word_1_121' title='bbox 480 1825 543 1890; x_wconf 91' lang='lat' dir='ltr'>soli</span> <span class='ocrx_word' id='word_1_122' title='bbox 565 1833 681 1890; x_wconf 83' lang='lat' dir='ltr'>natum</span> <span class='ocrx_word' id='word_1_123' title='bbox 703 1826 908 1905; x_wconf 87' lang='lat' dir='ltr'>meminerit,</span> <span class='ocrx_word' id='word_1_124' title='bbox 942 1827 1001 1890; x_wconf 87' lang='lat' dir='ltr'>sed</span> <span class='ocrx_word' id='word_1_125' title='bbox 1023 1827 1167 1912; x_wconf 87' lang='lat' dir='ltr'>patriae,</span> <span class='ocrx_word' id='word_1_126' title='bbox 1201 1827 1260 1892; x_wconf 86' lang='lat' dir='ltr'>sed</span> 
     </span>
     <span class='ocr_line' id='line_1_16' title="bbox 106 1925 1260 2014; baseline 0.006 -26"><span class='ocrx_word' id='word_1_127' title='bbox 106 1925 188 2005; x_wconf 88' lang='lat' dir='ltr'>suis,</span> <span class='ocrx_word' id='word_1_128' title='bbox 216 1935 257 1990; x_wconf 87' lang='lat' dir='ltr'>ut</span> <span class='ocrx_word' id='word_1_129' title='bbox 278 1928 459 2012; x_wconf 85' lang='lat' dir='ltr'>perexigua</span> <span class='ocrx_word' id='word_1_130' title='bbox 485 1951 561 2012; x_wconf 85' lang='lat' dir='ltr'>pars</span> <span class='ocrx_word' id='word_1_131' title='bbox 589 1929 653 2013; x_wconf 86' lang='lat' dir='ltr'>ipsi</span> <span class='ocrx_word' id='word_1_132' title='bbox 680 1929 896 2013; x_wconf 87' lang='lat' dir='ltr'>relinquatur.</span> <span class='ocrx_word' id='word_1_133' title='bbox 943 1929 1009 2014; x_wconf 80' lang='grc'>(46)</span> <span class='ocrx_word' id='word_1_134' title='bbox 1033 1931 1079 1992; x_wconf 80' lang='lat' dir='ltr'>Et</span> <span class='ocrx_word' id='word_1_135' title='bbox 1106 1930 1260 2014; x_wconf 87' lang='lat' dir='ltr'>quoniam</span> 
     </span>
     <span class='ocr_line' id='line_1_17' title="bbox 104 2027 1260 2116; baseline 0.006 -27"><span class='ocrx_word' id='word_1_136' title='bbox 104 2027 217 2092; x_wconf 87' lang='lat' dir='ltr'>eadem</span> <span class='ocrx_word' id='word_1_137' title='bbox 239 2034 359 2093; x_wconf 88' lang='lat' dir='ltr'>natura</span> <span class='ocrx_word' id='word_1_138' title='bbox 376 2030 594 2114; x_wconf 76' lang='lat' dir='ltr'>cupiditatem</span> <span class='ocrx_word' id='word_1_139' title='bbox 609 2030 762 2115; x_wconf 87' lang='lat' dir='ltr'>ingenuit</span> <span class='ocrx_word' id='word_1_140' title='bbox 777 2031 903 2095; x_wconf 93' lang='lat' dir='ltr'>homini</span> <span class='ocrx_word' id='word_1_141' title='bbox 918 2031 987 2095; x_wconf 89' lang='lat' dir='ltr'>veri</span> <span class='ocrx_word' id='word_1_142' title='bbox 1002 2031 1146 2110; x_wconf 88' lang='lat' dir='ltr'>videndi,</span> <span class='ocrx_word' id='word_1_143' title='bbox 1172 2033 1260 2116; x_wconf 91' lang='lat' dir='ltr'>quod</span> 
     </span>
     <span class='ocr_line' id='line_1_18' title="bbox 102 2129 1260 2216; baseline 0.003 -24"><span class='ocrx_word' id='word_1_144' title='bbox 102 2129 260 2194; x_wconf 80' lang='lat' dir='ltr'>facillime</span> <span class='ocrx_word' id='word_1_145' title='bbox 284 2136 435 2216; x_wconf 87' lang='lat' dir='ltr'>apparet,</span> <span class='ocrx_word' id='word_1_146' title='bbox 470 2153 545 2196; x_wconf 90' lang='lat' dir='ltr'>oum</span> <span class='ocrx_word' id='word_1_147' title='bbox 567 2131 663 2195; x_wconf 85' lang='lat' dir='ltr'>vacui</span> <span class='ocrx_word' id='word_1_148' title='bbox 686 2131 771 2195; x_wconf 92' lang='lat' dir='ltr'>curis</span> <span class='ocrx_word' id='word_1_149' title='bbox 795 2132 895 2195; x_wconf 79' lang='lat' dir='ltr'>etiam</span> <span class='ocrx_word' id='word_1_150' title='bbox 918 2131 997 2215; x_wconf 90' lang='lat' dir='ltr'>quid</span> <span class='ocrx_word' id='word_1_151' title='bbox 1019 2132 1054 2195; x_wconf 90' lang='lat' dir='ltr'>in</span> <span class='ocrx_word' id='word_1_152' title='bbox 1077 2133 1168 2196; x_wconf 86' lang='lat' dir='ltr'>caelo</span> <span class='ocrx_word' id='word_1_153' title='bbox 1200 2133 1260 2196; x_wconf 87' lang='lat' dir='ltr'>fiat</span> 
     </span>
     <span class='ocr_line' id='line_1_19' title="bbox 99 2233 1260 2318; baseline 0.003 -23"><span class='ocrx_word' id='word_1_154' title='bbox 99 2233 181 2298; x_wconf 86' lang='lat' dir='ltr'>scire</span> <span class='ocrx_word' id='word_1_155' title='bbox 200 2256 347 2313; x_wconf 85' lang='lat' dir='ltr'>avemus,</span> <span class='ocrx_word' id='word_1_156' title='bbox 365 2233 417 2298; x_wconf 93' lang='lat' dir='ltr'>his</span> <span class='ocrx_word' id='word_1_157' title='bbox 440 2233 543 2299; x_wconf 90' lang='lat' dir='ltr'>initiis</span> <span class='ocrx_word' id='word_1_158' title='bbox 565 2233 694 2299; x_wconf 88' lang='lat' dir='ltr'>inducti</span> <span class='ocrx_word' id='word_1_159' title='bbox 715 2235 825 2299; x_wconf 88' lang='lat' dir='ltr'>omnia</span> <span class='ocrx_word' id='word_1_160' title='bbox 847 2257 923 2299; x_wconf 89' lang='lat' dir='ltr'>vera</span> <span class='ocrx_word' id='word_1_161' title='bbox 947 2234 1127 2318; x_wconf 86' lang='lat' dir='ltr'>diligimus,</span> <span class='ocrx_word' id='word_1_162' title='bbox 1151 2236 1186 2298; x_wconf 88' lang='lat' dir='ltr'>id</span> <span class='ocrx_word' id='word_1_163' title='bbox 1209 2241 1260 2299; x_wconf 87' lang='lat' dir='ltr'>est</span> 
     </span>
     <span class='ocr_line' id='line_1_20' title="bbox 97 2335 1259 2422; baseline 0.002 -24"><span class='ocrx_word' id='word_1_164' title='bbox 97 2335 224 2416; x_wconf 86' lang='lat' dir='ltr'>fidelia,</span> <span class='ocrx_word' id='word_1_165' title='bbox 250 2336 422 2422; x_wconf 88' lang='lat' dir='ltr'>simplicia,</span> <span class='ocrx_word' id='word_1_166' title='bbox 449 2337 646 2415; x_wconf 87' lang='lat' dir='ltr'>constantia,</span> <span class='ocrx_word' id='word_1_167' title='bbox 670 2344 742 2401; x_wconf 89' lang='lat' dir='ltr'>tum</span> <span class='ocrx_word' id='word_1_168' title='bbox 765 2359 865 2415; x_wconf 86' lang='lat' dir='ltr'>vana,</span> <span class='ocrx_word' id='word_1_169' title='bbox 890 2337 990 2416; x_wconf 84' lang='lat' dir='ltr'>falsa,</span> <span class='ocrx_word' id='word_1_170' title='bbox 1015 2337 1166 2402; x_wconf 88' lang='lat' dir='ltr'>fallentia</span> <span class='ocrx_word' id='word_1_171' title='bbox 1189 2337 1259 2401; x_wconf 90' lang='lat' dir='ltr'>odi·</span> 
     </span>
     <span class='ocr_line' id='line_1_21' title="bbox 95 2437 1258 2523; baseline 0.002 -23"><span class='ocrx_word' id='word_1_172' title='bbox 95 2461 171 2502; x_wconf 90' lang='lat' dir='ltr'>mus</span> <span class='ocrx_word' id='word_1_173' title='bbox 181 2487 193 2517; x_wconf 88' lang='lat'><em>,</em></span> <span class='ocrx_word' id='word_1_174' title='bbox 227 2446 266 2501; x_wconf 88' lang='lat' dir='ltr'>ut</span> <span class='ocrx_word' id='word_1_175' title='bbox 289 2438 458 2517; x_wconf 84' lang='lat' dir='ltr'>fraudem,</span> <span class='ocrx_word' id='word_1_176' title='bbox 492 2438 690 2523; x_wconf 86' lang='lat' dir='ltr'>periurium,</span> <span class='ocrx_word' id='word_1_177' title='bbox 715 2437 895 2519; x_wconf 88' lang='lat' dir='ltr'>malitiam,</span> <span class='ocrx_word' id='word_1_178' title='bbox 923 2438 1087 2504; x_wconf 88' lang='lat' dir='ltr'>iniuriam.</span> <span class='ocrx_word' id='word_1_179' title='bbox 1132 2439 1258 2504; x_wconf 82' lang='lat' dir='ltr'>Eadem</span> 
     </span>
     <span class='ocr_line' id='line_1_22' title="bbox 93 2540 1257 2626; baseline 0.003 -22"><span class='ocrx_word' id='word_1_180' title='bbox 93 2541 184 2604; x_wconf 88' lang='lat' dir='ltr'>ratio</span> <span class='ocrx_word' id='word_1_181' title='bbox 207 2541 313 2605; x_wconf 85' lang='lat' dir='ltr'>habet</span> <span class='ocrx_word' id='word_1_182' title='bbox 336 2541 370 2605; x_wconf 92' lang='lat' dir='ltr'>in</span> <span class='ocrx_word' id='word_1_183' title='bbox 393 2563 428 2606; x_wconf 89' lang='lat' dir='ltr'>se</span> <span class='ocrx_word' id='word_1_184' title='bbox 453 2541 609 2625; x_wconf 85' lang='lat' dir='ltr'>quiddam</span> <span class='ocrx_word' id='word_1_185' title='bbox 642 2540 787 2626; x_wconf 86' lang='lat' dir='ltr'>amplum</span> <span class='ocrx_word' id='word_1_186' title='bbox 819 2549 919 2625; x_wconf 89' lang='lat' dir='ltr'>atque</span> <span class='ocrx_word' id='word_1_187' title='bbox 951 2541 1183 2626; x_wconf 82' lang='lat' dir='ltr'>magnificum,</span> <span class='ocrx_word' id='word_1_188' title='bbox 1217 2542 1257 2607; x_wconf 90' lang='lat' dir='ltr'>ad</span> 
     </span>
    </p>
   </div>
   <div class='ocr_carea' id='block_1_3' title="bbox 86 2728 1257 3762">
    <p class='ocr_par' dir='ltr' id='par_1_3' title="bbox 86 2728 1257 3762">
     <span class='ocr_line' id='line_1_23' title="bbox 168 2728 1256 2786; baseline 0.003 -5"><span class='ocrx_word' id='word_1_189' title='bbox 168 2728 221 2782; x_wconf 79' lang='lat'>45.</span> <span class='ocrx_word' id='word_1_190' title='bbox 258 2747 295 2783; x_wconf 90' lang='lat' dir='ltr'>sa</span> <span class='ocrx_word' id='word_1_191' title='bbox 325 2747 425 2784; x_wconf 87' lang='lat' dir='ltr'>acem.</span> <span class='ocrx_word' id='word_1_192' title='bbox 462 2731 518 2784; x_wconf 88' lang='lat' dir='ltr'>Der</span> <span class='ocrx_word' id='word_1_193' title='bbox 536 2731 635 2785; x_wconf 84' lang='lat' dir='ltr'>Zusatz</span> <span class='ocrx_word' id='word_1_194' title='bbox 653 2734 685 2784; x_wconf 88' lang='lat' dir='ltr'>ut</span> <span class='ocrx_word' id='word_1_195' title='bbox 702 2730 743 2785; x_wconf 86' lang='lat' dir='ltr'>ita</span> <span class='ocrx_word' id='word_1_196' title='bbox 761 2730 850 2785; x_wconf 84' lang='lat' dir='ltr'>dicam</span> <span class='ocrx_word' id='word_1_197' title='bbox 869 2731 917 2785; x_wconf 91' lang='lat' dir='ltr'>soll</span> <span class='ocrx_word' id='word_1_198' title='bbox 940 2730 992 2784; x_wconf 90' lang='lat' dir='ltr'>den</span> <span class='ocrx_word' id='word_1_199' title='bbox 1009 2731 1091 2786; x_wconf 84' lang='lat' dir='ltr'>Leser</span> <span class='ocrx_word' id='word_1_200' title='bbox 1109 2751 1144 2784; x_wconf 88' lang='lat' dir='ltr'>an</span> <span class='ocrx_word' id='word_1_201' title='bbox 1162 2730 1205 2785; x_wconf 90' lang='lat' dir='ltr'>die</span> <span class='ocrx_word' id='word_1_202' title='bbox 1223 2731 1256 2784; x_wconf 91' lang='lat' dir='ltr'>ei·</span> 
     </span>
     <span class='ocr_line' id='line_1_24' title="bbox 90 2796 1256 2870; baseline 0 -18"><span class='ocrx_word' id='word_1_203' title='bbox 90 2796 234 2868; x_wconf 78' lang='lat' dir='ltr'>gentliche</span> <span class='ocrx_word' id='word_1_204' title='bbox 251 2797 290 2852; x_wconf 91' lang='lat' dir='ltr'>Be</span> <span class='ocrx_word' id='word_1_205' title='bbox 302 2801 416 2870; x_wconf 82' lang='lat' dir='ltr'>.eutuug</span> <span class='ocrx_word' id='word_1_206' title='bbox 434 2799 480 2853; x_wconf 88' lang='lat' dir='ltr'>des</span> <span class='ocrx_word' id='word_1_207' title='bbox 499 2798 606 2853; x_wconf 89' lang='lat' dir='ltr'>Wortes</span> <span class='ocrx_word' id='word_1_208' title='bbox 624 2801 756 2854; x_wconf 85' lang='lat' dir='ltr'>erinnem.</span> <span class='ocrx_word' id='word_1_209' title='bbox 826 2817 948 2853; x_wconf 83' lang='lat' dir='ltr'>causas</span> <span class='ocrx_word' id='word_1_210' title='bbox 966 2817 1075 2854; x_wconf 88' lang='lat' dir='ltr'>rernm</span> <span class='ocrx_word' id='word_1_211' title='bbox 1093 2803 1127 2854; x_wconf 90' lang='lat' dir='ltr'>et</span> <span class='ocrx_word' id='word_1_212' title='bbox 1145 2817 1256 2854; x_wconf 84' lang='lat' dir='ltr'>eonse-</span> 
     </span>
     <span class='ocr_line' id='line_1_25' title="bbox 87 2865 1257 2923; baseline 0.002 -3"><span class='ocrx_word' id='word_1_213' title='bbox 87 2866 261 2922; x_wconf 87' lang='lat' dir='ltr'>cutiones</span> <span class='ocrx_word' id='word_1_214' title='bbox 279 2867 427 2922; x_wconf 86' lang='lat' dir='ltr'>‘Ursachan</span> <span class='ocrx_word' id='word_1_215' title='bbox 445 2865 502 2923; x_wconf 89' lang='lat' dir='ltr'>und</span> <span class='ocrx_word' id='word_1_216' title='bbox 521 2867 637 2922; x_wconf 83' lang='lat' dir='ltr'>Wirlmn</span> <span class='ocrx_word' id='word_1_217' title='bbox 657 2869 707 2923; x_wconf 88' lang='lat' dir='ltr'>en&#39;.</span> <span class='ocrx_word' id='word_1_218' title='bbox 788 2867 1041 2923; x_wconf 89' lang='lat' dir='ltr'>similitudines</span> <span class='ocrx_word' id='word_1_219' title='bbox 1060 2869 1257 2922; x_wconf 81' lang='lat' dir='ltr'>transferat</span> 
     </span>
     <span class='ocr_line' id='line_1_26' title="bbox 90 2887 1255 3008; baseline 0.002 -20"><span class='ocrx_word' id='word_1_220' title='bbox 90 2935 150 2990; x_wconf 88' lang='lat' dir='ltr'>‘die</span> <span class='ocrx_word' id='word_1_221' title='bbox 168 2934 221 2989; x_wconf 91' lang='lat' dir='ltr'>den</span> <span class='ocrx_word' id='word_1_222' title='bbox 231 2935 339 3005; x_wconf 84' lang='lat' dir='ltr'>Dingen</span> <span class='ocrx_word' id='word_1_223' title='bbox 356 2935 590 2992; x_wconf 82' lang='lat' dir='ltr'>iunewohnenden</span> <span class='ocrx_word' id='word_1_224' title='bbox 603 2887 830 2992; x_wconf 64' lang='lat' dir='ltr'>Aelnliehkeiten</span> <span class='ocrx_word' id='word_1_225' title='bbox 847 2936 1039 2999; x_wconf 82' lang='lat' dir='ltr'>wahmimmt&#39;,</span> <span class='ocrx_word' id='word_1_226' title='bbox 1057 2936 1255 3008; x_wconf 69' lang='lat' dir='ltr'>thelsb.105‚</span> 
     </span>
     <span class='ocr_line' id='line_1_27' title="bbox 90 3005 1255 3086; baseline 0.002 -29"><span class='ocrx_word' id='word_1_227' title='bbox 90 3009 114 3057; x_wconf 81' lang='lat'>2.</span> <span class='ocrx_word' id='word_1_228' title='bbox 192 3010 306 3074; x_wconf 82' lang='lat' dir='ltr'>serpat</span> <span class='ocrx_word' id='word_1_229' title='bbox 324 3005 464 3076; x_wconf 85' lang='lat' dir='ltr'>lougius</span> <span class='ocrx_word' id='word_1_230' title='bbox 487 3005 554 3059; x_wconf 87' lang='lat' dir='ltr'>‘sich</span> <span class='ocrx_word' id='word_1_231' title='bbox 572 3006 693 3076; x_wconf 81' lang='lat' dir='ltr'>allmtilig</span> <span class='ocrx_word' id='word_1_232' title='bbox 711 3006 804 3061; x_wconf 84' lang='lat' dir='ltr'>weiter</span> <span class='ocrx_word' id='word_1_233' title='bbox 827 3005 987 3069; x_wconf 87' lang='lat' dir='ltr'>ausdehnt&#39;,</span> <span class='ocrx_word' id='word_1_234' title='bbox 1010 3006 1035 3058; x_wconf 88' lang='lat' dir='ltr'><strong>V</strong></span> <span class='ocrx_word' id='word_1_235' title='bbox 1055 3010 1099 3069; x_wconf 83' lang='lat'>23,</span> <span class='ocrx_word' id='word_1_236' title='bbox 1120 3009 1152 3058; x_wconf 85' lang='lat'>65</span> <span class='ocrx_word' id='word_1_237' title='bbox 1171 3005 1255 3086; x_wconf 85' lang='lat' dir='ltr'>serpit</span> 
     </span>
     <span class='ocr_line' id='line_1_28' title="bbox 88 3073 1254 3145; baseline 0.002 -19"><span class='ocrx_word' id='word_1_238' title='bbox 88 3073 198 3127; x_wconf 86' lang='lat' dir='ltr'>sensim</span> <span class='ocrx_word' id='word_1_239' title='bbox 216 3073 298 3130; x_wconf 80' lang='lat' dir='ltr'>foras.</span> <span class='ocrx_word' id='word_1_240' title='bbox 367 3074 541 3144; x_wconf 83' lang='lat' dir='ltr'>Archytas</span> <span class='ocrx_word' id='word_1_241' title='bbox 560 3092 610 3128; x_wconf 88' lang='lat' dir='ltr'>aus</span> <span class='ocrx_word' id='word_1_242' title='bbox 627 3074 737 3134; x_wconf 81' lang='lat' dir='ltr'>Terent,</span> <span class='ocrx_word' id='word_1_243' title='bbox 755 3074 996 3145; x_wconf 82' lang='lat' dir='ltr'>pythagoreischer</span> <span class='ocrx_word' id='word_1_244' title='bbox 1008 3074 1166 3145; x_wconf 87' lang='lat' dir='ltr'>Philosoph‚</span> <span class='ocrx_word' id='word_1_245' title='bbox 1185 3075 1254 3128; x_wconf 84' lang='lat' dir='ltr'>Zeit-</span> 
     </span>
     <span class='ocr_line' id='line_1_29' title="bbox 87 3142 1253 3214; baseline 0.001 -18"><span class='ocrx_word' id='word_1_246' title='bbox 87 3159 208 3212; x_wconf 86' lang='lat' dir='ltr'>genosse</span> <span class='ocrx_word' id='word_1_247' title='bbox 220 3142 314 3197; x_wconf 86' lang='lat' dir='ltr'>Platos</span> <span class='ocrx_word' id='word_1_248' title='bbox 332 3143 390 3196; x_wconf 90' lang='lat' dir='ltr'>und</span> <span class='ocrx_word' id='word_1_249' title='bbox 407 3142 453 3197; x_wconf 88' lang='lat' dir='ltr'>des</span> <span class='ocrx_word' id='word_1_250' title='bbox 468 3143 604 3214; x_wconf 84' lang='lat' dir='ltr'>jiingereu</span> <span class='ocrx_word' id='word_1_251' title='bbox 616 3143 773 3214; x_wconf 85' lang='lat' dir='ltr'>Dionysius,</span> <span class='ocrx_word' id='word_1_252' title='bbox 792 3142 997 3213; x_wconf 84' lang='lat' dir='ltr'>ausgezeichnet</span> <span class='ocrx_word' id='word_1_253' title='bbox 1015 3143 1054 3197; x_wconf 86' lang='lat' dir='ltr'>als</span> <span class='ocrx_word' id='word_1_254' title='bbox 1067 3143 1253 3198; x_wconf 82' lang='lat' dir='ltr'>Staatsmaun.</span> 
     </span>
     <span class='ocr_line' id='line_1_30' title="bbox 89 3211 1254 3281; baseline 0.002 -18"><span class='ocrx_word' id='word_1_255' title='bbox 89 3229 148 3263; x_wconf 89' lang='lat' dir='ltr'>um</span> <span class='ocrx_word' id='word_1_256' title='bbox 164 3213 214 3262; x_wconf 74' lang='lat'>380</span> <span class='ocrx_word' id='word_1_257' title='bbox 231 3231 254 3265; x_wconf 88' lang='lat' dir='ltr'>v.</span> <span class='ocrx_word' id='word_1_258' title='bbox 273 3212 338 3265; x_wconf 76' lang='lat' dir='ltr'>cur.</span> <span class='ocrx_word' id='word_1_259' title='bbox 373 3211 462 3267; x_wconf 87' lang='lat' dir='ltr'>Ueber</span> <span class='ocrx_word' id='word_1_260' title='bbox 480 3211 572 3266; x_wconf 87' lang='lat' dir='ltr'>seiuen</span> <span class='ocrx_word' id='word_1_261' title='bbox 591 3211 651 3266; x_wconf 75' lang='lat' dir='ltr'>rod</span> <span class='ocrx_word' id='word_1_262' title='bbox 668 3230 688 3265; x_wconf 83' lang='lat' dir='ltr'>s.</span> <span class='ocrx_word' id='word_1_263' title='bbox 706 3211 775 3266; x_wconf 88' lang='lat' dir='ltr'>Hor.</span> <span class='ocrx_word' id='word_1_264' title='bbox 794 3211 837 3265; x_wconf 88' lang='lat' dir='ltr'>od.</span> <span class='ocrx_word' id='word_1_265' title='bbox 854 3212 870 3266; x_wconf 97' lang='lat' dir='ltr'>I</span> <span class='ocrx_word' id='word_1_266' title='bbox 888 3215 928 3264; x_wconf 79' lang='lat'>28.</span> <span class='ocrx_word' id='word_1_267' title='bbox 998 3211 1098 3264; x_wconf 86' lang='lat' dir='ltr'>Plato</span> <span class='ocrx_word' id='word_1_268' title='bbox 1115 3212 1193 3281; x_wconf 83' lang='lat' dir='ltr'>epist.</span> <span class='ocrx_word' id='word_1_269' title='bbox 1211 3211 1254 3265; x_wconf 89' lang='lat' dir='ltr'>IX</span> 
     </span>
     <span class='ocr_line' id='line_1_31' title="bbox 89 3278 1252 3358; baseline 0.004 -29"><span class='ocrx_word' id='word_1_270' title='bbox 89 3297 122 3348; x_wconf 87' lang='lat' dir='ltr'>p.</span> <span class='ocrx_word' id='word_1_271' title='bbox 154 3279 237 3332; x_wconf 77' lang='lat' dir='ltr'><strong>358A</strong></span> <span class='ocrx_word' id='word_1_272' title='bbox 263 3280 405 3344; x_wconf 85' lang='grc' dir='ltr'><strong><em>Ἕκαστος</em></strong></span> <span class='ocrx_word' id='word_1_273' title='bbox 431 3281 510 3355; x_wconf 78' lang='grc' dir='ltr'>ἡμῶν</span> <span class='ocrx_word' id='word_1_274' title='bbox 540 3279 591 3350; x_wconf 79' lang='grc' dir='ltr'>οὐχ</span> <span class='ocrx_word' id='word_1_275' title='bbox 620 3280 697 3350; x_wconf 78' lang='grc' dir='ltr'><strong><em>αὐτῷ</em></strong></span> <span class='ocrx_word' id='word_1_276' title='bbox 723 3280 815 3355; x_wconf 78' lang='grc' dir='ltr'>μόνον</span> <span class='ocrx_word' id='word_1_277' title='bbox 842 3283 974 3358; x_wconf 62' lang='grc' dir='ltr'>γέγονεν,</span> <span class='ocrx_word' id='word_1_278' title='bbox 1005 3278 1075 3333; x_wconf 78' lang='grc' dir='ltr'><em>ἀλλὰ</em></span> <span class='ocrx_word' id='word_1_279' title='bbox 1103 3285 1151 3350; x_wconf 83' lang='grc' dir='ltr'>τῆς</span> <span class='ocrx_word' id='word_1_280' title='bbox 1177 3283 1252 3354; x_wconf 75' lang='lat' dir='ltr'>qsvs&#39;-</span> 
     </span>
     <span class='ocr_line' id='line_1_32' title="bbox 89 3347 1252 3424; baseline -0.001 -22"><span class='ocrx_word' id='word_1_281' title='bbox 89 3367 176 3410; x_wconf 80' lang='grc' dir='ltr'><strong><em>σεως</em></strong></span> <span class='ocrx_word' id='word_1_282' title='bbox 204 3347 279 3422; x_wconf 80' lang='grc' dir='ltr'>ἡμῶν</span> <span class='ocrx_word' id='word_1_283' title='bbox 307 3351 338 3405; x_wconf 88' lang='grc' dir='ltr'>τὸ</span> <span class='ocrx_word' id='word_1_284' title='bbox 367 3354 419 3421; x_wconf 77' lang='grc' dir='ltr'>μέν</span> <span class='ocrx_word' id='word_1_285' title='bbox 447 3371 472 3403; x_wconf 82' lang='grc' dir='ltr'>τι</span> <span class='ocrx_word' id='word_1_286' title='bbox 495 3350 511 3420; x_wconf 86' lang='grc' dir='ltr'><em>ἡ</em></span> <span class='ocrx_word' id='word_1_287' title='bbox 539 3353 641 3424; x_wconf 81' lang='grc' dir='ltr'><strong><em>πατρὶς</em></strong></span> <span class='ocrx_word' id='word_1_288' title='bbox 695 3353 834 3424; x_wconf 67' lang='lat' dir='ltr'>opticeat,</span> <span class='ocrx_word' id='word_1_289' title='bbox 871 3350 902 3404; x_wconf 85' lang='grc' dir='ltr'>τὸ</span> <span class='ocrx_word' id='word_1_290' title='bbox 931 3349 963 3403; x_wconf 80' lang='grc' dir='ltr'>δέ</span> <span class='ocrx_word' id='word_1_291' title='bbox 990 3367 1016 3402; x_wconf 82' lang='grc' dir='ltr'>τι</span> <span class='ocrx_word' id='word_1_292' title='bbox 1045 3350 1076 3403; x_wconf 83' lang='grc' dir='ltr'>οἱ</span> <span class='ocrx_word' id='word_1_293' title='bbox 1099 3369 1252 3424; x_wconf 74' lang='lat' dir='ltr'>qevvpoav·</span> 
     </span>
     <span class='ocr_line' id='line_1_33' title="bbox 87 3371 1251 3488; baseline 0 -18"><span class='ocrx_word' id='word_1_294' title='bbox 87 3437 149 3480; x_wconf 75' lang='grc' dir='ltr'><em>τες,</em></span> <span class='ocrx_word' id='word_1_295' title='bbox 170 3417 200 3470; x_wconf 81' lang='grc' dir='ltr'>τὸ</span> <span class='ocrx_word' id='word_1_296' title='bbox 220 3418 251 3473; x_wconf 76' lang='grc' dir='ltr'>δὲ</span> <span class='ocrx_word' id='word_1_297' title='bbox 271 3421 302 3473; x_wconf 76' lang='grc' dir='ltr'>οἱ</span> <span class='ocrx_word' id='word_1_298' title='bbox 317 3421 414 3474; x_wconf 82' lang='grc' dir='ltr'><strong><em>λοιποὶ</em></strong></span> <span class='ocrx_word' id='word_1_299' title='bbox 432 3421 520 3488; x_wconf 75' lang='grc' dir='ltr'><em>φίλοι,</em></span> <span class='ocrx_word' id='word_1_300' title='bbox 557 3417 636 3472; x_wconf 86' lang='lat' dir='ltr'>Auch</span> <span class='ocrx_word' id='word_1_301' title='bbox 660 3371 754 3472; x_wconf 75' lang='lat' dir='ltr'>ddoffi</span> <span class='ocrx_word' id='word_1_302' title='bbox 772 3419 788 3472; x_wconf 93' lang='lat' dir='ltr'>I</span> <span class='ocrx_word' id='word_1_303' title='bbox 806 3421 835 3482; x_wconf 72' lang='lat' dir='ltr'>l,</span> <span class='ocrx_word' id='word_1_304' title='bbox 854 3421 887 3470; x_wconf 81' lang='lat'>22</span> <span class='ocrx_word' id='word_1_305' title='bbox 909 3416 946 3471; x_wconf 87' lang='lat' dir='ltr'>ist</span> <span class='ocrx_word' id='word_1_306' title='bbox 973 3415 1045 3471; x_wconf 88' lang='lat' dir='ltr'>diese</span> <span class='ocrx_word' id='word_1_307' title='bbox 1071 3415 1152 3472; x_wconf 83' lang='lat' dir='ltr'>Stella</span> <span class='ocrx_word' id='word_1_308' title='bbox 1175 3415 1251 3472; x_wconf 87' lang='lat' dir='ltr'>iiber·</span> 
     </span>
     <span class='ocr_line' id='line_1_34' title="bbox 86 3484 1253 3557; baseline 0.001 -18"><span class='ocrx_word' id='word_1_309' title='bbox 86 3489 174 3539; x_wconf 78' lang='lat' dir='ltr'>aetat.</span> <span class='ocrx_word' id='word_1_310' title='bbox 210 3485 361 3541; x_wconf 85' lang='lat' dir='ltr'>Denselben</span> <span class='ocrx_word' id='word_1_311' title='bbox 378 3486 526 3542; x_wconf 78' lang='lat' dir='ltr'>Gadauken</span> <span class='ocrx_word' id='word_1_312' title='bbox 545 3486 648 3556; x_wconf 87' lang='lat' dir='ltr'>spricht</span> <span class='ocrx_word' id='word_1_313' title='bbox 666 3486 721 3542; x_wconf 78' lang='lat' dir='ltr'>Cio.</span> <span class='ocrx_word' id='word_1_314' title='bbox 740 3505 779 3541; x_wconf 90' lang='lat' dir='ltr'>or.</span> <span class='ocrx_word' id='word_1_315' title='bbox 796 3506 824 3557; x_wconf 90' lang='lat' dir='ltr'>p.</span> <span class='ocrx_word' id='word_1_316' title='bbox 840 3487 913 3541; x_wconf 83' lang='lat' dir='ltr'>Mur.</span> <span class='ocrx_word' id='word_1_317' title='bbox 931 3488 972 3548; x_wconf 81' lang='lat'>38,</span> <span class='ocrx_word' id='word_1_318' title='bbox 985 3489 1018 3538; x_wconf 84' lang='grc'>83</span> <span class='ocrx_word' id='word_1_319' title='bbox 1036 3503 1098 3540; x_wconf 84' lang='lat' dir='ltr'>aue:</span> <span class='ocrx_word' id='word_1_320' title='bbox 1117 3484 1166 3555; x_wconf 89' lang='lat' dir='ltr'>qui</span> <span class='ocrx_word' id='word_1_321' title='bbox 1183 3484 1253 3540; x_wconf 92' lang='lat' dir='ltr'>mihi</span> 
     </span>
     <span class='ocr_line' id='line_1_35' title="bbox 88 3552 1252 3624; baseline 0 -16"><span class='ocrx_word' id='word_1_322' title='bbox 88 3571 151 3608; x_wconf 88' lang='lat' dir='ltr'>non</span> <span class='ocrx_word' id='word_1_323' title='bbox 162 3552 224 3616; x_wconf 73' lang='lat' dir='ltr'>tibi.</span> <span class='ocrx_word' id='word_1_324' title='bbox 242 3555 288 3609; x_wconf 84' lang='lat' dir='ltr'>sed</span> <span class='ocrx_word' id='word_1_325' title='bbox 319 3555 499 3610; x_wconf 85' lang='lat' dir='ltr'>atriaenatus</span> <span class='ocrx_word' id='word_1_326' title='bbox 513 3554 688 3610; x_wconf 85' lang='lat' dir='ltr'>essevideris.</span> <span class='ocrx_word' id='word_1_327' title='bbox 741 3555 892 3610; x_wconf 86' lang='lat' dir='ltr'>nonsibi</span> <span class='ocrx_word' id='word_1_328' title='bbox 911 3553 1252 3624; x_wconf 73' lang='lat' dir='ltr'>sesoli.Nichthtufig</span> 
     </span>
     <span class='ocr_line' id='line_1_36' title="bbox 87 3621 1249 3695; baseline -0.003 -18"><span class='ocrx_word' id='word_1_329' title='bbox 87 3621 186 3678; x_wconf 87' lang='lat' dir='ltr'>finden</span> <span class='ocrx_word' id='word_1_330' title='bbox 210 3623 267 3678; x_wconf 86' lang='lat' dir='ltr'>sich</span> <span class='ocrx_word' id='word_1_331' title='bbox 310 3624 334 3678; x_wconf 89' lang='lat' dir='ltr'>ie</span> <span class='ocrx_word' id='word_1_332' title='bbox 357 3625 444 3680; x_wconf 73' lang='lat' dir='ltr'>Casus</span> <span class='ocrx_word' id='word_1_333' title='bbox 469 3625 515 3679; x_wconf 86' lang='lat' dir='ltr'>des</span> <span class='ocrx_word' id='word_1_334' title='bbox 534 3623 616 3678; x_wconf 87' lang='lat' dir='ltr'>Pron.</span> <span class='ocrx_word' id='word_1_335' title='bbox 635 3623 682 3680; x_wconf 90' lang='lat' dir='ltr'>der</span> <span class='ocrx_word' id='word_1_336' title='bbox 700 3629 724 3676; x_wconf 84' lang='lat'>3.</span> <span class='ocrx_word' id='word_1_337' title='bbox 743 3625 846 3679; x_wconf 76' lang='lat' dir='ltr'>Person</span> <span class='ocrx_word' id='word_1_338' title='bbox 868 3622 1057 3695; x_wconf 82' lang='lat' dir='ltr'>parataktisch</span> <span class='ocrx_word' id='word_1_339' title='bbox 1081 3622 1249 3678; x_wconf 84' lang='lat' dir='ltr'>verbunden:</span> 
     </span>
     <span class='ocr_line' id='line_1_37' title="bbox 88 3691 1251 3762; baseline 0.003 -19"><span class='ocrx_word' id='word_1_340' title='bbox 88 3692 194 3746; x_wconf 85' lang='lat' dir='ltr'>Seneca</span> <span class='ocrx_word' id='word_1_341' title='bbox 212 3693 246 3746; x_wconf 84' lang='lat' dir='ltr'>ad</span> <span class='ocrx_word' id='word_1_342' title='bbox 265 3692 393 3747; x_wconf 85' lang='lat' dir='ltr'>Helviam</span> <span class='ocrx_word' id='word_1_343' title='bbox 411 3693 444 3748; x_wconf 90' lang='lat' dir='ltr'>de</span> <span class='ocrx_word' id='word_1_344' title='bbox 461 3692 560 3748; x_wconf 84' lang='lat' dir='ltr'>consol.</span> <span class='ocrx_word' id='word_1_345' title='bbox 580 3697 603 3756; x_wconf 90' lang='grc'>9,</span> <span class='ocrx_word' id='word_1_346' title='bbox 622 3698 638 3746; x_wconf 86' lang='grc'>4</span> <span class='ocrx_word' id='word_1_347' title='bbox 657 3693 746 3748; x_wconf 84' lang='lat' dir='ltr'>visum</span> <span class='ocrx_word' id='word_1_348' title='bbox 765 3693 818 3748; x_wconf 86' lang='lat' dir='ltr'>sibi</span> <span class='ocrx_word' id='word_1_349' title='bbox 836 3710 863 3746; x_wconf 84' lang='lat' dir='ltr'>ae</span> <span class='ocrx_word' id='word_1_350' title='bbox 881 3692 969 3762; x_wconf 82' lang='lat' dir='ltr'>magis</span> <span class='ocrx_word' id='word_1_351' title='bbox 996 3692 1026 3746; x_wconf 92' lang='lat' dir='ltr'>in</span> <span class='ocrx_word' id='word_1_352' title='bbox 1053 3691 1176 3746; x_wconf 84' lang='lat' dir='ltr'>exsilium</span> <span class='ocrx_word' id='word_1_353' title='bbox 1203 3693 1251 3746; x_wconf 81' lang='lat' dir='ltr'>ire.</span> 
     </span>
    </p>
   </div>
   <div class='ocr_carea' id='block_1_4' title="bbox 87 3759 1248 3883">
    <p class='ocr_par' dir='ltr' id='par_1_4' title="bbox 87 3759 1248 3883">
     <span class='ocr_line' id='line_1_38' title="bbox 87 3759 1248 3883; baseline 0 -69"><span class='ocrx_word' id='word_1_354' title='bbox 87 3760 225 3883; x_wconf 55' lang='grc' dir='ltr'>Ηῆιιίῐξετ</span> <span class='ocrx_word' id='word_1_355' title='bbox 243 3759 305 3815; x_wconf 86' lang='lat' dir='ltr'>sind</span> <span class='ocrx_word' id='word_1_356' title='bbox 324 3761 367 3816; x_wconf 89' lang='lat' dir='ltr'>die</span> <span class='ocrx_word' id='word_1_357' title='bbox 385 3762 538 3816; x_wconf 83' lang='lat' dir='ltr'>Parataxen</span> <span class='ocrx_word' id='word_1_358' title='bbox 557 3761 604 3815; x_wconf 89' lang='lat' dir='ltr'>der</span> <span class='ocrx_word' id='word_1_359' title='bbox 622 3761 707 3816; x_wconf 76' lang='lat' dir='ltr'>Casus</span> <span class='ocrx_word' id='word_1_360' title='bbox 734 3780 788 3816; x_wconf 84' lang='lat' dir='ltr'>von</span> <span class='ocrx_word' id='word_1_361' title='bbox 815 3780 864 3816; x_wconf 69' lang='lat' dir='ltr'>evo</span> <span class='ocrx_word' id='word_1_362' title='bbox 891 3761 948 3815; x_wconf 92' lang='lat' dir='ltr'>und</span> <span class='ocrx_word' id='word_1_363' title='bbox 974 3765 1015 3816; x_wconf 90' lang='lat' dir='ltr'>tu.</span> <span class='ocrx_word' id='word_1_364' title='bbox 1050 3760 1172 3816; x_wconf 88' lang='lat' dir='ltr'>Wiohert</span> <span class='ocrx_word' id='word_1_365' title='bbox 1198 3761 1248 3814; x_wconf 85' lang='lat' dir='ltr'>lat.</span> 
     </span>
    </p>
   </div>
   <div class='ocr_carea' id='block_1_5' title="bbox 86 3807 1315 4382">
    <p class='ocr_par' dir='ltr' id='par_1_5' title="bbox 86 3807 1315 4382">
     <span class='ocr_line' id='line_1_39' title="bbox 88 3807 1251 3901; baseline 0.003 -20"><span class='ocrx_word' id='word_1_366' title='bbox 88 3829 161 3882; x_wconf 83' lang='lat' dir='ltr'>StilL</span> <span class='ocrx_word' id='word_1_367' title='bbox 202 3834 286 3884; x_wconf 66' lang='lat'>,492</span> <span class='ocrx_word' id='word_1_368' title='bbox 391 3831 447 3884; x_wconf 86' lang='lat' dir='ltr'>sed</span> <span class='ocrx_word' id='word_1_369' title='bbox 487 3829 692 3892; x_wconf 84' lang='lat' dir='ltr'>atriae,sed</span> <span class='ocrx_word' id='word_1_370' title='bbox 710 3831 792 3885; x_wconf 90' lang='lat' dir='ltr'>suis.</span> <span class='ocrx_word' id='word_1_371' title='bbox 827 3807 1114 3901; x_wconf 69' lang='lat' dir='ltr'>ilieAnaphoravon</span> <span class='ocrx_word' id='word_1_372' title='bbox 1142 3829 1251 3884; x_wconf 87' lang='lat' dir='ltr'>sedist</span> 
     </span>
     <span class='ocr_line' id='line_1_40' title="bbox 87 3897 1249 3969; baseline 0.002 -18"><span class='ocrx_word' id='word_1_373' title='bbox 87 3897 216 3952; x_wconf 84' lang='lat' dir='ltr'>ziemlich</span> <span class='ocrx_word' id='word_1_374' title='bbox 233 3899 331 3953; x_wconf 83' lang='lat' dir='ltr'>selten:</span> <span class='ocrx_word' id='word_1_375' title='bbox 355 3899 434 3954; x_wconf 73' lang='lat' dir='ltr'>Tusa.</span> <span class='ocrx_word' id='word_1_376' title='bbox 452 3901 466 3954; x_wconf 95' lang='lat' dir='ltr'>I</span> <span class='ocrx_word' id='word_1_377' title='bbox 515 3904 556 3962; x_wconf 86' lang='lat'>34,</span> <span class='ocrx_word' id='word_1_378' title='bbox 575 3905 608 3952; x_wconf 82' lang='lat'>82</span> <span class='ocrx_word' id='word_1_379' title='bbox 626 3898 698 3969; x_wconf 92' lang='lat' dir='ltr'>quod</span> <span class='ocrx_word' id='word_1_380' title='bbox 716 3917 771 3954; x_wconf 92' lang='lat' dir='ltr'>non</span> <span class='ocrx_word' id='word_1_381' title='bbox 789 3902 888 3953; x_wconf 86' lang='lat' dir='ltr'>natura</span> <span class='ocrx_word' id='word_1_382' title='bbox 906 3900 1057 3963; x_wconf 85' lang='lat' dir='ltr'>exoriatur,</span> <span class='ocrx_word' id='word_1_383' title='bbox 1076 3899 1122 3953; x_wconf 90' lang='lat' dir='ltr'>sed</span> <span class='ocrx_word' id='word_1_384' title='bbox 1140 3898 1249 3961; x_wconf 90' lang='lat' dir='ltr'>iudicio,</span> 
     </span>
     <span class='ocr_line' id='line_1_41' title="bbox 86 3965 1249 4088; baseline 0.001 -67"><span class='ocrx_word' id='word_1_385' title='bbox 86 3965 292 4088; x_wconf 58' lang='grc' dir='ltr'>εῧᾶὲρὶιιίοηο,</span> <span class='ocrx_word' id='word_1_386' title='bbox 311 3969 357 4022; x_wconf 90' lang='lat' dir='ltr'>sed</span> <span class='ocrx_word' id='word_1_387' title='bbox 376 3969 495 4038; x_wconf 89' lang='lat' dir='ltr'>quadam</span> <span class='ocrx_word' id='word_1_388' title='bbox 513 3967 676 4022; x_wconf 82' lang='lat' dir='ltr'>invitatione</span> <span class='ocrx_word' id='word_1_389' title='bbox 702 3968 737 4022; x_wconf 86' lang='lat' dir='ltr'>ad</span> <span class='ocrx_word' id='word_1_390' title='bbox 764 3967 916 4022; x_wconf 89' lang='lat' dir='ltr'>dolendum.</span> <span class='ocrx_word' id='word_1_391' title='bbox 953 3987 990 4022; x_wconf 86' lang='lat' dir='ltr'>or.</span> <span class='ocrx_word' id='word_1_392' title='bbox 1007 3987 1035 4038; x_wconf 89' lang='lat' dir='ltr'>p.</span> <span class='ocrx_word' id='word_1_393' title='bbox 1052 3967 1145 4022; x_wconf 87' lang='lat' dir='ltr'>Plane.</span> <span class='ocrx_word' id='word_1_394' title='bbox 1164 3971 1188 4028; x_wconf 88' lang='lat'>8,</span> <span class='ocrx_word' id='word_1_395' title='bbox 1208 3972 1249 4022; x_wconf 86' lang='lat'>21.</span> 
     </span>
     <span class='ocr_line' id='line_1_42' title="bbox 158 4102 1247 4169; baseline -0.001 -11"><span class='ocrx_word' id='word_1_396' title='bbox 158 4104 210 4158; x_wconf 81' lang='lat'>46.</span> <span class='ocrx_word' id='word_1_397' title='bbox 247 4105 300 4160; x_wconf 87' lang='lat' dir='ltr'>his</span> <span class='ocrx_word' id='word_1_398' title='bbox 319 4105 437 4160; x_wconf 84' lang='lat' dir='ltr'>initiis</span> <span class='ocrx_word' id='word_1_399' title='bbox 455 4105 599 4160; x_wconf 88' lang='lat' dir='ltr'>inducti.</span> <span class='ocrx_word' id='word_1_400' title='bbox 618 4104 867 4160; x_wconf 82' lang='lat' dir='ltr'>Bemerkenswerth</span> <span class='ocrx_word' id='word_1_401' title='bbox 885 4105 930 4169; x_wconf 80' lang='lat' dir='ltr'>ist,</span> <span class='ocrx_word' id='word_1_402' title='bbox 949 4105 1011 4159; x_wconf 89' lang='lat' dir='ltr'>dass</span> <span class='ocrx_word' id='word_1_403' title='bbox 1030 4104 1085 4159; x_wconf 78' lang='lat' dir='ltr'>Cio.</span> <span class='ocrx_word' id='word_1_404' title='bbox 1105 4102 1169 4158; x_wconf 89' lang='lat' dir='ltr'>oder</span> <span class='ocrx_word' id='word_1_405' title='bbox 1185 4103 1247 4158; x_wconf 85' lang='lat' dir='ltr'>viel-</span> 
     </span>
     <span class='ocr_line' id='line_1_43' title="bbox 88 4171 1315 4256; baseline -0.001 -30"><span class='ocrx_word' id='word_1_406' title='bbox 88 4173 166 4228; x_wconf 88' lang='lat' dir='ltr'>mehr</span> <span class='ocrx_word' id='word_1_407' title='bbox 185 4174 321 4256; x_wconf 79' lang='lat' dir='ltr'>Chrysipp</span> <span class='ocrx_word' id='word_1_408' title='bbox 340 4175 390 4228; x_wconf 90' lang='lat' dir='ltr'>den</span> <span class='ocrx_word' id='word_1_409' title='bbox 408 4173 515 4244; x_wconf 86' lang='lat' dir='ltr'>Begriff</span> <span class='ocrx_word' id='word_1_410' title='bbox 530 4173 577 4228; x_wconf 89' lang='lat' dir='ltr'>der</span> <span class='ocrx_word' id='word_1_411' title='bbox 594 4173 812 4244; x_wconf 80' lang='lat' dir='ltr'>Gereolrtigkeit‚</span> <span class='ocrx_word' id='word_1_412' title='bbox 840 4173 888 4227; x_wconf 90' lang='lat' dir='ltr'>der</span> <span class='ocrx_word' id='word_1_413' title='bbox 904 4177 982 4229; x_wconf 75' lang='lat' dir='ltr'>const</span> <span class='ocrx_word' id='word_1_414' title='bbox 1008 4190 1061 4226; x_wconf 82' lang='lat' dir='ltr'>von</span> <span class='ocrx_word' id='word_1_415' title='bbox 1087 4172 1134 4226; x_wconf 88' lang='lat' dir='ltr'>der</span> <span class='ocrx_word' id='word_1_416' title='bbox 1151 4171 1247 4226; x_wconf 82' lang='lat' dir='ltr'>Gesell·</span> <span class='ocrx_word' id='word_1_417' title='bbox 1313 4176 1315 4182; x_wconf 82' lang='grc'><strong>“</strong></span> 
     </span>
     <span class='ocr_line' id='line_1_44' title="bbox 88 4239 1247 4316; baseline 0 -22"><span class='ocrx_word' id='word_1_418' title='bbox 88 4241 437 4312; x_wconf 73' lang='lat' dir='ltr'>achaftabgelertetwird</span> <span class='ocrx_word' id='word_1_419' title='bbox 456 4242 586 4316; x_wconf 81' lang='lat' dir='ltr'>vendam</span> <span class='ocrx_word' id='word_1_420' title='bbox 606 4242 718 4297; x_wconf 81' lang='lat' dir='ltr'>Streben</span> <span class='ocrx_word' id='word_1_421' title='bbox 743 4242 813 4296; x_wconf 83' lang='lat' dir='ltr'>nach</span> <span class='ocrx_word' id='word_1_422' title='bbox 836 4241 1017 4296; x_wconf 80' lang='lat' dir='ltr'>Erkenntniss</span> <span class='ocrx_word' id='word_1_423' title='bbox 1041 4241 1087 4294; x_wconf 86' lang='lat' dir='ltr'>der</span> <span class='ocrx_word' id='word_1_424' title='bbox 1104 4239 1247 4294; x_wconf 85' lang='lat' dir='ltr'>Wahrheit</span> 
     </span>
     <span class='ocr_line' id='line_1_45' title="bbox 87 4308 1219 4382; baseline -0.001 -19"><span class='ocrx_word' id='word_1_425' title='bbox 87 4308 208 4367; x_wconf 84' lang='lat' dir='ltr'>ableitet.</span> <span class='ocrx_word' id='word_1_426' title='bbox 245 4312 332 4367; x_wconf 85' lang='lat' dir='ltr'>Unter</span> <span class='ocrx_word' id='word_1_427' title='bbox 350 4312 431 4367; x_wconf 90' lang='lat' dir='ltr'>initia</span> <span class='ocrx_word' id='word_1_428' title='bbox 450 4312 571 4367; x_wconf 88' lang='lat' dir='ltr'>versteht</span> <span class='ocrx_word' id='word_1_429' title='bbox 588 4329 616 4366; x_wconf 89' lang='lat' dir='ltr'>er</span> <span class='ocrx_word' id='word_1_430' title='bbox 633 4331 669 4365; x_wconf 86' lang='lat' dir='ltr'>an</span> <span class='ocrx_word' id='word_1_431' title='bbox 688 4331 714 4365; x_wconf 91' lang='lat' dir='ltr'>u.</span> <span class='ocrx_word' id='word_1_432' title='bbox 732 4311 772 4366; x_wconf 83' lang='lat' dir='ltr'>St.</span> <span class='ocrx_word' id='word_1_433' title='bbox 791 4311 835 4365; x_wconf 91' lang='lat' dir='ltr'>die</span> <span class='ocrx_word' id='word_1_434' title='bbox 848 4312 977 4382; x_wconf 74' lang='lat' dir='ltr'>Aufenge</span> <span class='ocrx_word' id='word_1_435' title='bbox 990 4311 1067 4380; x_wconf 83' lang='lat' dir='ltr'>janes</span> <span class='ocrx_word' id='word_1_436' title='bbox 1085 4309 1219 4364; x_wconf 84' lang='lat' dir='ltr'>Strabone.</span> 
     </span>
    </p>
   </div>
   <div class='ocr_carea' id='block_1_6' title="bbox 0 0 1514 4948">
    <p class='ocr_par' dir='ltr' id='par_1_6' title="bbox 0 0 1514 4948">
     <span class='ocr_line' id='line_1_46' title="bbox 0 0 1514 4948; baseline 0 2"><span class='ocrx_word' id='word_1_437' title='bbox 0 0 1514 4948; x_wconf 95' lang='lat' dir='ltr'> </span> 
     </span>
    </p>
   </div>
  </div>
 </body>
</html>
