3020 4948
442 319 504 376 Iun.
522 323 559 376 11.
595 324 660 378 Cur.
679 325 756 380 VIII.
793 329 822 392 ἕξ
841 331 953 386 23-24,
1238 337 1278 399 63

103 485 314 552 adhibentes
338 487 434 553 ludos
464 499 499 555 et
523 516 605 576 quae
638 504 835 579 sequuntur,
869 498 942 580 illa,
977 501 1095 585 quibus
1120 504 1277 569 detractis

107 591 234 654 clamat
259 590 423 674 Epicurus
456 617 490 658 ee
522 597 648 662 nescire
681 599 759 683 quid
791 601 835 665 sit
865 604 1005 668 bonum:
1040 605 1150 670 adsint
1178 607 1276 671 etiam

110 691 249 756 formosi
273 695 382 777 pueri,
408 695 692 780 qui.ministrent;
720 704 920 788 respondeat
942 706 994 770 his
1018 707 1135 786 vestis,
1161 731 1277 794 argcn-
1342 717 1343 722 ’

109 803 195 875 tum,
228 796 457 878 Corinthium,
491 803 584 866 locus
611 802 697 887 ipse,
727 804 928 872 aedificium:
962 811 1023 873 hos
1056 832 1134 894 ergo
1164 820 1276 877 asotos

107 899 191 964 bene
216 898 356 983 quidem
377 901 487 968 vivere
503 913 562 968 aut
577 906 674 970 beate
690 931 858 993 nunquam
878 911 1028 976 dixerim.
1054 911 1119 996 (24)
1143 915 1275 1000 Exque

111 1002 267 1081 efficitur,
298 1026 365 1066 non
391 1012 430 1068 ut
458 1007 611 1091 voluptas
636 1031 676 1072 ne
700 1010 745 1074 sit
767 1013 939 1096 voluptas,
970 1015 1028 1079 sed
1049 1015 1094 1103 lut
1120 1018 1276 1100 voluptas

111 1105 244 1170 nonsit
269 1129 436 1172 summum
458 1109 593 1176 bonum.
640 1112 713 1176 Nec
736 1113 808 1194 ille,
839 1116 895 1198 qui
917 1117 1103 1203 Diogenem
1127 1120 1276 1185 Stoicum

106 1207 320 1288 adulescens
337 1220 414 1294 post
430 1219 542 1278 autem
558 1215 755 1280 Panaetium
770 1218 930 1299 andierat,
948 1221 1093 1302 Laeliae,
1111 1245 1149 1287 eo
1166 1223 1274 1288 dictus

104 1318 158 1374 est
182 1311 335 1395 sapiens,
360 1314 448 1398 quod
470 1339 536 1380 non
558 1315 787 1404 intellegeret,
817 1321 897 1404 quid
919 1324 1149 1390 suavissimum
1174 1333 1273 1406 esset,

103 1451 147 1460 -
162 1435 227 1476 nec
243 1413 334 1477 enim
357 1417 517 1501 sequitur,
541 1427 579 1482 ut
596 1421 648 1483 cui
665 1442 720 1485 cor
736 1422 854 1506 sapiat,
880 1423 910 1487 ei
925 1447 992 1488 non
1007 1427 1114 1511 sapiat
1129 1429 1273 1512 palatus,

104 1515 226 1579 -sed
248 1517 327 1599 quia
348 1519 442 1602 parvi
463 1520 498 1583 id
523 1521 670 1586 duceret.

151 1617 379 1704 Olapathe,
408 1629 452 1684 ut
473 1621 640 1702 iactare,
665 1647 736 1689 nec
760 1648 799 1689 es
823 1627 911 1690 sati'
929 1628 1103 1713 cognitu'
1125 1631 1272 1714 quisis!

154 1720 203 1783 In
226 1744 294 1804 quo
318 1724 474 1789 Laeliu’
499 1726 707 1806 clamores,
734 1729 862 1816 σοφὸς
884 1728 971 1810 ille,
998 1733 1158 1798 solebat

158 1822 294 1904 Edere,
320 1829 566 1913 compellans
589 1830 741 1915 gumias
766 1853 811 1895 ex
835 1833 970 1898 ordine
994 1841 1164 1900 nostros.

1 1960 2 1966 κ
107 1925 279 1991 Praeclare
301 1929 448 2010 Laelius,
474 1940 508 1996 et
529 1939 621 1998 recte
645 1933 763 2021 σοφός,
786 1935 935 2020 illudque
959 1959 1051 2001 vere:

149 2031 179 2092 0
196 2031 331 2111 Publi,
358 2030 556 2120 cgurges,
582 2037 760 2102 Galloni:
786 2059 825 2101 es
842 2040 955 2102 homo
971 2039 1104 2118 miser,
1128 2041 1271 2124 inquit.

151 2134 316 2199 Cenasti
338 2136 378 2200 in
401 2138 481 2204 vita
504 2163 698 2223 nunquam
722 2141 837 2220 bene,
867 2163 953 2205 cum
980 2142 1109 2207 omnia
1131 2143 1171 2209 in
1193 2143 1273 2210 ista

152 2237 360 2302 Consumis
385 2241 532 2324 squilla
556 2249 674 2327 atque
697 2244 927 2328 acipensere
950 2266 1034 2308 cum
1055 2246 1270 2320 decimano.

109 2465 159 2520 ben
175 2465 353 2536 geschrieben
370 2465 484 2521 werden.
520 2465 572 2521 Die
589 2467 684 2522 Worte
709 2472 743 2523 ut
768 2468 810 2523 ait
836 2468 959 2525 Lucilius
986 2468 1081 2524 stehsn
1107 2489 1165 2526 nun
1190 2471 1268 2526 nicht

110 2533 183 2588 mehr
200 2534 364 2597 innerhalb,
383 2535 500 2590 sondem
518 2554 562 2590 em
580 2535 657 2590 Ende
676 2536 722 2592 des
740 2537 836 2592 Verses
856 2537 919 2608 (vgl.
940 2539 972 2593 de
990 2538 1074 2593 divin.
1092 2541 1107 2593 I
1127 2544 1167 2603 14,
1185 2544 1218 2594 24
1236 2545 1268 2595 ut

108 2604 147 2656 ait
162 2602 329 2668 Pacuvius),
348 2603 392 2658 cni
409 2604 448 2658 nil
466 2604 528 2658 duri
544 2605 582 2658 ist
600 2605 730 2676 Madvigs
746 2607 905 2677 Conjectur3
923 2607 965 2660 vis
974 2608 1049 2662 steht
1065 2608 1112 2663 fiir
1122 2609 1201 2672 vires,
1219 2609 1269 2665 wie

107 2673 149 2727 oft
165 2673 211 2726 bei
229 2673 333 2726 Lucrez
351 2692 378 2727 u.
397 2692 430 2736 a,
448 2673 505 2728 und
524 2673 596 2728 usine
614 2674 739 2744 Stellung
755 2693 804 2729 vor
822 2679 849 2729 et
867 2676 905 2729 ist
928 2675 1007 2731 nicht
1031 2679 1177 2750 anstdseig.
1214 2679 1269 2733 Der

106 2741 174 2796 Sinn
192 2741 282 2796 dieser
301 2741 470 2798 'ambischen
490 2742 588 2796 Seuere
605 2742 651 2797 des
669 2743 792 2798 Lucilius
810 2744 848 2798 ist
872 2744 943 2798 also:
980 2744 1067 2800 Ihnen
1091 2751 1172 2817 mdge
1189 2747 1269 2802 Wein

106 2829 156 2865 ans
174 2811 237 2864 dem
256 2760 352 2864 Voilsn
370 2813 499 2892 stromen,
518 2811 565 2866 der
578 2811 754 2892 'iibermi'assig
771 2813 879 2892 zischt,¹
891 2813 939 2867 der
975 2817 1007 2867 ut
1024 2833 1058 2869 zu
1077 2813 1212 2896 verdunen
1229 2817 1268 2870 ist

105 2879 163 2936 und
182 2879 245 2933 dem
263 2878 310 2933 der
327 2879 421 2934 Seiher
438 2880 482 2934 dre
500 2879 665 2952 Herbrgkert
682 2882 774 2936 nahm.
789 2882 883 2936 —Ber
900 2881 932 2934 1..
981 2882 1049 2937 iiller
1067 2883 1096 2938 0.
1108 2883 1199 2938 Luarh
1216 2889 1266 2938 sat.

105 2949 235 3018 reliquiae
253 2967 279 3019 p.
298 2952 330 3001 ’Π
349 2949 411 3002 sind
430 2948 473 3002 die
491 2949 587 3004 beiden
604 2950 687 3006 Verse
704 2969 739 3004 zu
756 2951 843 3006 einem
860 2950 1007 3004 Distichon
1024 2952 1169 3023 vereinigt:

322 3017 457 3072 Defusum
475 3036 489 3071 e
506 3018 584 3088 pleno
604 3019 655 3074 siet
673 3019 717 3073 hir
735 3019 887 3090 siphoneve,
907 3019 951 3073 cni
968 3021 1007 3074 nil

357 3087 463 3150 Durist,
481 3105 543 3141 cum
560 3088 607 3141 nix
625 3093 652 3141 et
670 3089 791 3142 sacculus
810 3087 962 3142 abstulerit.
998 3089 1060 3158 Vgl.
1079 3088 1144 3144 ibid.
1163 3108 1188 3159 p.
1207 3093 1266 3143 243.

106 3155 234 3226 quibus
251 3155 423 3210 detractis
441 3175 462 3210 s.
480 3175 515 3210 zu
531 3157 547 3210 I
565 3160 589 3218 9,
607 3160 649 3210 20.
719 3156 956 3210 Corinthium:
987 3162 1065 3212 sonat
1083 3158 1157 3212 steht
1180 3159 1265 3228 supel-

107 3226 152 3278 lex
170 3223 311 3278 Corinthia
331 3225 370 3290 (in
389 3225 464 3279 Verr.
482 3226 513 3279 lI
531 3229 572 3288 34,
591 3228 636 3290 83)
656 3224 720 3277 oder
738 3223 785 3278 der
802 3224 876 3278 Plur.
896 3223 1053 3288 Corinthia,
1071 3226 1121 3280 wie
1138 3225 1217 3279 Tusa.
1235 3227 1266 3281 II

109 3299 153 3356 14,
167 3295 199 3343 32
217 3292 240 3345 si
273 3293 320 3348 uid
339 3294 371 3348 de
390 3293 539 3347 Corinthiis
558 3293 614 3348 tuis
632 3293 725 3357 (n'aml.
738 3292 811 3347 vasis
828 3292 892 3346 oder
910 3292 1046 3362 operibus)
1065 3293 1196 3347 amiseris.
1214 3295 1266 3348 Die

106 3380 160 3418 aus
178 3311 387 3418 corintinsohem
406 3361 463 3416 und
481 3361 625 3416 delisohem
634 3361 702 3416 Erae
720 3379 753 3432 ge
774 3379 887 3415 ossenen
904 3361 1017 3416 Gefasse
1034 3379 1130 3442 paren·
1146 3361 1176 3415 in
1187 3361 1265 3442 ,Rom

106 3431 173 3487 sehr
190 3429 301 3486 beliebt:
321 3449 360 3485 or.
378 3450 403 3502 p.
421 3432 502 3486 Rosc.
519 3433 610 3486 Amer.
629 3433 733 3494 46,133
752 3379 849 3484 domus
866 3431 966 3484 referta
984 3449 1056 3485 vasrs
1069 3429 1220 3486 Corinthus
1238 3433 1265 3486 et

105 3499 233 3556 Deliacis.
303 3500 365 3553 hos
383 3517 461 3570 ergo
480 3503 611 3554 asotos:
635 3499 701 3554 iiber
719 3519 782 3570 ergo
801 3519 823 3553 s.
843 3519 877 3554 zu
895 3499 910 3552 I
928 3503 970 3563 21,
990 3502 1031 3552 ⁵12.

175 3567 225 3622 24.
261 3569 392 3638 Exque
412 3568 572 3623 efficitur
595 3569 695 3649 Zumpt
714 3571 727 3634 ἓ
747 3573 796 3622 347
814 3569 896 3624 Anm.
1002 3567 1182 3638 Diogenes,
1200 3567 1262 3622 Pa·

104 3638 243 3694 naetius
262 3656 283 3690 s.
302 3657 336 3692 au
353 3638 369 3691 Ι
386 3640 411 3702 2,
430 3643 453 3691 6.
533 3637 562 3692 C.
580 3637 721 3692 Laelrus
738 3639 790 3692 mit
809 3637 869 3692 dem
888 3637 1036 3692 Beinamen
1054 3637 1175 3706 Sapiens,
1193 3636 1263 3716 nach

105 3707 231 3763 walchem
250 3705 305 3760 Cic.
325 3705 398 3760 seins
416 3706 519 3761 Schrist
536 3706 604 3761 iiber
622 3706 666 3760 die
683 3706 884 3761 Freundschast
902 3705 1023 3760 benannt
1046 3705 1107 3768 hat,
1132 3722 1189 3760 war
1210 3709 1263 3759 mrt

105 3776 165 3831 dem
180 3776 317 3846 ,itingeren
336 3774 425 3846 Scipio
444 3775 611 3830 befreundet.
629 3775 783 3830 Mommsen
800 3775 985 3830 rom.'Gesch.
1003 3773 1050 3830 Π5
1068 3774 1095 3828 S.
1113 3779 1155 3828 85.
1208 3792 1263 3828 cor

105 3849 181 3901 sonat
199 3864 252 3900 nur
270 3843 450 3898 archaistisch
469 3845 526 3898 und
544 3844 709 3900 diohterisch
727 3844 774 3898 fur
792 3844 843 3898 den
862 3843 919 3900 Sita
938 3843 985 3898 des
1003 3843 1181 3906 Verstsndes,
1208 3843 1261 3914 vgl.

105 3915 182 3969 Tusa.
201 3914 216 3969 I
235 3918 320 3975 9,18.
408 3913 488 3983 quia
507 3949 536 3957 -
557 3913 709 3975 duceret,
735 3913 782 3966 der
799 3911 877 3983 Conj.
896 3913 945 3968 wie
963 3913 1137 3983 intellegeret,
1156 3911 1263 3967 obwohl

104 4003 166 4038 man
185 3981 303 4037 ducebat
321 3986 454 4037 erwartet.
525 3980 547 4035 0
566 3982 705 4053 lapathe
723 3985 772 4036 etc.
791 3981 874 4036 Verso
892 3981 940 4038 des
957 3982 1088 4037 Lucilius.
1106 3982 1133 4035 S.
1145 3980 1177 4034 Ia
1191 3979 1261 4035 Mul-

103 4054 139 4109 ler
157 4052 186 4108 C.
207 4051 298 4106 Lucili
325 4055 376 4104 sat.
403 4051 532 4121 reliquiae
557 4069 583 4120 p.
607 4056 648 4108 20.
684 4051 738 4104 Der
765 4051 894 4105 Saueram
913 4051 954 4105 fer
980 4053 1095 4118 (rumex)
1122 4069 1178 4104 war
1203 4050 1261 4103 eine

104 4123 194 4194 Speise
212 4121 260 4176 der
278 4124 400 4174 armeren
418 4120 515 4175 Klasse
533 4118 579 4173 des
597 4119 689 4182 Valle,
709 4138 730 4173 s.
748 4119 816 4174 Hor.
834 4138 883 4190 epo
904 4159 911 4172 .
930 4125 953 4183 2,
972 4124 1013 4174 57.
1072 4123 1110 4174 ut
1128 4119 1261 4173 iactare

104 4197 151 4247 etc.
171 4191 230 4246 ‘wie
242 4189 319 4244 wirst
329 4189 367 4244 du
383 4191 514 4259 geriihmt
531 4187 586 4242 und
605 4187 662 4243 bist
679 4188 748 4242 doch
767 4187 872 4244 deinem
883 4188 995 4242 Werthe
1013 4188 1082 4243 nach
1101 4187 1171 4241 noch
1183 4186 1261 4240 nicht

104 4261 223 4316 bekannt
241 4260 348 4331 genug'.
395 4259 427 4314 P.
446 4257 640 4318 Gallonius,
660 4256 703 4311 ein
720 4257 891 4321 Schlemmer,
911 4255 1005 4311 dassen
1022 4256 1105 4310 'lisch
1123 4258 1190 4309 stete
1208 4255 1261 4308 mit

103 4331 169 4386 allen
188 4332 279 4384 Arten
297 4346 350 4382 von
367 4326 561 4382 Leckerbissen
580 4325 684 4380 besetzt
700 4345 763 4382 war.
799 4325 838 4380 Dr
860 4325 972 4380 brachte
998 4330 1090 4381 zuerst
1117 4324 1167 4378 den
1195 4323 1260 4379 seor
1322 4361 1325 4366 ·
