2974 4950
415 311 476 366 Lm.
495 312 529 367 v.
564 312 629 368 cir.
648 311 725 366 XIX.
762 314 790 376 §5
809 318 923 368 51-54.
1182 314 1243 376 251

81 505 138 548 res
165 488 277 566 gestas
296 482 408 548 audire
432 489 466 546 et
487 483 599 567 legere
622 484 725 562 velle,
759 485 814 567 qui
842 508 861 548 a
884 504 941 567 spe
964 483 1101 567 gerendi
1123 483 1245 546 absunt

81 584 440 650 confecti¹seneetute
487 584 651 650 Quocirca
682 586 835 670 intellegi
865 606 1000 650 necesse
1025 585 1133 648 estin
1164 583 1244 668 ipsis

79 689 203 766 robae,
236 709 318 771 quae
342 686 514 752 discuntur
538 694 572 752 et
596 696 859 772 cognoscamur,
883 687 1101 752 invitamenta
1123 687 1243 764 inesse,

80 789 210 873 quibus
232 789 275 852 ad
297 788 491 852 discendum
514 791 847 874 cognoscendumque
870 811 1071 854 moveamur.
1105 786 1170 871 (53)
1194 791 1245 851 Ae

80 897 217 956 veteres
241 891 373 974 quidem
395 891 585 974 philosophi
608 891 643 954 in
668 892 840 956 beatorum
856 891 972 956 insulis
988 891 1121 974 fingunt
1139 889 1246 973 qualis

80 996 201 1059 futura
223 994 270 1058 sit
291 994 362 1059 vita
376 994 585 1080 sapientium,
610 1017 692 1078 quos
709 1017 786 1060 eura
810 995 900 1060 omni
923 995 1093 1072 liberatoS‚
1117 992 1246 1056 nullum

80 1097 310 1162 necessarium
342 1095 430 1161 vitae
462 1097 590 1160 cultum
622 1104 696 1161 aut.
712 1104 863 1181 paratum
899 1097 1123 1180 requirentes,
1162 1094 1246 1158 nihil

80 1201 180 1265 aliud
210 1204 342 1264 acturos
374 1205 495 1282 putant
525 1199 589 1262 nisi
620 1207 658 1262 ut
689 1221 785 1264 omne
816 1207 948 1284 tempus
982 1197 1175 1282 inquirendo
1208 1218 1246 1260 ao

81 1303 245 1368 discendo
268 1302 303 1367 in
325 1308 461 1367 naturae
486 1302 675 1386 cognitione
700 1309 907 1367 consumant.
954 1304 1026 1366 Nos
1050 1307 1161 1366 autem
1179 1323 1246 1364 non

81 1409 197 1470 solum
219 1407 336 1470 beatae
359 1406 448 1469 vitae
476 1405 575 1470 istam
604 1427 676 1470 esse
706 1405 961 1470 oblectationem
988 1405 1137 1469 videmus
1144 1453 1154 1484 ‚
1187 1404 1247 1467 sed

83 1508 189 1571 etiam
211 1506 437 1570 levamentum
460 1505 676 1570 miseriarum.
722 1506 841 1589 Itaque
874 1505 983 1584 multi,
1018 1527 1092 1568 cum
1123 1505 1158 1568 iu
1188 1526 1246 1587 po·

83 1615 214 1674 testate
237 1615 349 1673 essent
370 1608 515 1672 hostium
545 1612 602 1671 aut
629 1616 861 1692 tyrannorum,
893 1607 992 1672 multi
1018 1607 1052 1670 in
1082 1606 1244 1686 custodia,

86 1710 188 1774 multi
215 1709 250 1774 in
276 1709 392 1773 exsilio
421 1708 568 1774 dolorem
600 1731 696 1772 suum
730 1709 898 1774 doetrinae
932 1709 1052 1772 studiis
1080 1709 1244 1774 levarunt.
1310 1703 1313 1708 ’

83 1813 154 1900 (54)
193 1813 352 1897 Princeps
389 1813 486 1878 huius
525 1813 670 1878 civitatis
707 1813 888 1878 Phalereus
922 1812 1131 1891 Demetrius,
1171 1834 1245 1876 cum

83 1915 196 1999 patria
216 1915 332 2000 pulsus
356 1919 444 1979 esset
457 1915 593 1996 iniuria,
619 1915 660 1980 ad
675 1916 904 1978 Ptolemaeum
920 1935 955 1978 se
971 1935 1083 1997 regem
1100 1914 1245 1976 Alexan·

82 2020 201 2083 dream
224 2018 379 2082 eontulit.
425 2017 492 2082 Qui
515 2040 590 2082 cum
611 2018 646 2081 in
668 2019 731 2081 hac
754 2019 826 2102 ipsa
845 2016 1066 2102 philosophia,
1090 2015 1246 2100 adquam

82 2129 123 2184 te
149 2123 328 2200 hortamur,
352 2122 532 2184 excelleret
554 2121 839 2205 Theophrastique
863 2127 951 2184 esset
974 2119 1116 2197 auditor,
1139 2119 1246 2182 multa

83 2225 257 2308 praeclara
284 2224 319 2288 in
347 2223 405 2287 illo
434 2224 628 2287 calamitoso
652 2223 720 2287 otio
750 2222 883 2307 scripsit
909 2245 976 2286 non
1003 2223 1046 2286 ad
1068 2245 1163 2286 usum
1186 2221 1244 2284 ali·

84 2348 186 2411 quem
209 2349 321 2406 suum,
347 2349 411 2410 quo
435 2335 505 2390 erat
528 2328 679 2406 orbatus,
704 2327 763 2391 sed
786 2325 885 2391 animi
908 2326 1018 2389 cultus
1041 2325 1098 2388 ille
1122 2333 1193 2388 erat
1216 2325 1247 2389 ei

84 2428 183 2513 quasi
217 2428 349 2513 quidam
380 2429 596 2493 humanitatis
623 2429 735 2494 ieibus.
782 2427 946 2512 Equidem
974 2443 991 2492 o
1021 2427 1082 2491 Cn.
1112 2426 1247 2490 Aufidio

155 2581 208 2635 53.
244 2580 281 2634 in
306 2580 482 2635 beatorum
509 2581 647 2635 insulis.
682 2581 732 2634 Die
750 2581 842 2635 Inseln
866 2581 912 2636 der
930 2580 1037 2651 Soligen
1054 2579 1160 2635 werden
1178 2580 1248 2634 nach

87 2649 148 2704 dem
166 2651 306 2770 Vorgaupr
315 2649 433 2704 Homer-s
450 2649 501 2703 Od.
519 2649 559 2704 IV
569 2653 706 2704 ooo-568
724 2650 838 2704 vielfaoh
855 2667 909 2704 von
927 2649 980 2704 den
997 2649 1130 2730 [lichtern
1147 2649 1247 2731 geprie-

84 2735 264 2867 esesu
277 2718 736 2869 lacertulos-0?
755 2719 801 2858 θὲς
818 2719 1248 2869 transuectus

85 2859 237 2926 Augustm.
257 2855 289 2910 de
307 2859 433 2910 trmrtate
451 2857 492 2910 IV
510 2859 537 2922 2)
555 2856 586 2910 Sr
602 2855 691 2921 nobrs,
709 2875 771 2910 cum
789 2875 821 2910 ex
839 2857 890 2912 hao
907 2861 965 2911 urta
984 2859 1200 2926 migraverimus,
1219 2875 1248 2910 rn

86 2924 231 2980 beatorum
249 2924 346 2978 insulis
364 2925 517 2980 immortale
535 2943 638 2988 aevum,
656 2931 689 2979 ut
707 2926 799 2980 ferunt
816 2924 934 2990 fabulae,
953 2925 1050 3006 degere
1061 2925 1164 2988 liceret,
1182 2925 1248 2996 quid

86 2996 245 3114 opustesset
263 2993 432 3116 eloqueiptispl
451 2993 563 3116 -dUna
581 2993 668 3115 igitup
685 2993 896 3116 eidilusdbedfi
914 2995 1069 3064 cognitione
1077 2997 1216 3117 eumad)
1221 2998 1249 3048 et

88 3079 213 3124 aerenra,
247 3079 298 3116 uae
316 3081 345 3116 so
390 3079 474 3118 eram
511 3079 604 3116 eorum
622 3079 649 3114 es
680 3079 708 3114 vr
766 3079 801 3115 au
821 3080 856 3116 an
877 3080 901 3116 a.
1011 3081 1070 3116 ara
1094 3082 1155 3117 um.
1218 3081 1248 3117 as

88 3127 185 3183 Subst.
201 3079 311 3200 pedatus
329 3131 380 3184 hat
397 3130 453 3185 Cic.
472 3133 549 3184 sonat
566 3130 610 3183 nie
627 3128 786 3199 gebraucht.
804 3130 842 3183 Es
859 3130 945 3184 findet
963 3081 1021 3184 sidh
1039 3131 1114 3186 oster
1132 3133 1187 3185 erat
1204 3131 1249 3185 bei

87 3197 144 3250 den
162 3201 291 3280 spitonen-
303 3199 526 3263 Schriststellem,
544 3198 573 3252 in
591 3197 771 3267 Verbindung
788 3199 841 3252 mit
859 3199 952 3280 cultus
967 3197 1009 3252 bei
1027 3198 1095 3254 Gell.
1115 3199 1185 3253 XIX
1198 3203 1247 3263 1‚'l

87 3267 530 3406 &tdtgltlllttt’ath
549 3267 1033 3415 ealllqltillmvilsfidlllhr
1046 3265 1213 3390 illem?
1221 3287 1249 3406 ἲ.

87 3404 171 3458 Arch.
189 3408 259 3475 poet.
280 3409 304 3469 7,
324 3410 354 3458 16
381 3406 447 3460 haec
474 3405 565 3461 studia
583 3404 795 3459 adulescentum
813 3404 898 3467 alunt,
917 3408 1084 3458 senectutem
1102 3404 1248 3459 oblectant.

86 3473 220 3528 secundas
238 3491 280 3528 res
299 3477 414 3540 ornant,
433 3473 553 3529 adversis
570 3473 726 3544 perfugium
743 3490 775 3526 ec
793 3473 922 3528 solacium
939 3471 1087 3554 praebent,
1114 3473 1249 3528 delectant

86 3541 172 3604 domi,
191 3560 245 3597 non
263 3542 416 3613 impediunt
424 3543 499 3607 loris,
517 3546 679 3613 pernoctant
687 3541 837 3607 nobiscum,
846 3544 1061 3614 peregrinantur,
1071 3543 1248 3596 rusticantur.

157 3610 207 3664 54.
243 3611 441 3666 Demetrius
468 3631 517 3666 aus
544 3611 605 3666 dem
632 3611 694 3666 Gau
712 3610 847 3666 Phaleron
864 3612 894 3665 in
920 3611 1035 3675 Attila,
1062 3610 1175 3666 Sohiiler
1201 3609 1248 3664 des

84 3679 267 3750 Theophrast,
285 3680 375 3734 leitete
392 3681 431 3734 im
447 3680 583 3750 Austrage
600 3679 771 3734 Kassanders
789 3680 842 3735 deu
859 3679 1036 3734 athenischen
1054 3679 1134 3735 Staat
1152 3682 1244 3746 (317-

85 3750 151 3814 307)
170 3765 200 3802 so
217 3748 362 3816 gliicklich,
380 3749 442 3803 dass
461 3749 518 3804 ihm
537 3748 687 3803 zahlreiche
699 3749 815 3802 Statuen
833 3747 962 3803 errichtet
979 3748 1098 3804 wardon.
1132 3748 1183 3804 Boi
1201 3747 1248 3803 der

86 3815 228 3871 Eroberuu
265 3817 372 3872 Athens
390 3817 476 3872 durch
493 3818 647 3872 Demetrius
666 3816 832 3872 Poliorhetes
859 3821 964 3871 museto
990 3835 1019 3872 er
1045 3817 1165 3872 fliichten
1191 3817 1248 3872 und

85 3883 175 3966 hegeh
193 3835 252 3940 sich
270 3890 361 3940 zuerst
378 3888 449 3940 nach
467 3886 576 3941 Theben
602 3883 660 3941 und
678 3883 778 3940 darauf
801 3885 872 3940 nach
889 3885 1053 3940 Alexandria
1079 3905 1141 3941 aum
1159 3886 1247 3941 Ptole·

85 3971 168 4008 mans
186 3954 283 4018 Soter,
302 3953 397 4010 dassen
414 3959 567 4010 vertrauter
592 3953 751 4024 Bathgeber
777 3973 806 4009 er
831 3953 931 4009 warde.
965 3955 1004 4009 Er
1022 3955 1097 4010 etarb
1115 3960 1174 4010 283.
1210 3956 1248 4010 Er

87 4039 145 4075 war
163 4022 240 4077 nicht
258 4042 311 4078 nur
327 4025 371 4079 ein
388 4023 569 4079 bedentender
587 4025 775 4086 Staatsmann,
794 4022 910 4078 sondern
928 4023 999 4078 such
1017 4023 1061 4078 ein
1078 4043 1127 4078 aua
1148 4024 1247 4079 ezeich·

88 4095 166 4170 peter
183 4089 293 4148 Redner
319 4093 375 4148 und
394 4092 540 4148 Gelehrter.
576 4093 609 4147 de
626 4093 678 4162 leg.
695 4091 740 4145 111
758 4097 782 4156 6,
802 4097 835 4144 14
861 4092 1083 4163 a'lheophrasto
1101 4043 1248 4147 Phalereus

87 4159 132 4213 ille
144 4159 301 4216 Demetrius
319 4189 351 4201 —-
370 4161 531 4216 mirabiliter
548 4161 701 4216 doctrinam
720 4178 751 4214 ex
768 4161 933 4216 umbraculis
952 4160 1120 4216 eruditorum
1138 4161 1248 4231 otioque

90 4245 147 4282 non
165 4229 247 4284 modo
258 4230 288 4284 in
297 4231 381 4286 solem
390 4234 472 4300 atque
481 4230 511 4284 in
519 4231 663 4300 pidverem,
682 4228 767 4282 sedin
778 4230 870 4300 ipsum
882 4229 1027 4286 discrimen
1039 4230 1176 4353 acienppue
1187 4248 1247 4300 pro·

88 4296 175 4352 duxit.
228 4299 482 4370 quasiquidam
499 4296 727 4354 humanitatis
746 4299 842 4354 cibus
862 4298 1018 4370 ‘gleichsam
1036 4299 1094 4353 eine
1140 4298 1248 4368 ahrung
