2942 4950
235 313 294 382 172
466 311 517 366 DE
534 309 686 366 ulmus
704 309 888 366 BONORUM
906 309 953 366 ET
971 309 1178 366 urucssuu

233 487 268 546 et
291 481 462 566 eleganter
484 481 641 546 habuisse
665 480 882 546 constitutam
906 480 1122 566 disciplinam,
1147 487 1186 544 ut
1208 502 1275 544 non
1297 483 1385 541 esset

235 605 334 648 causa
356 583 499 664 Zenoni,
525 606 600 648 cum
622 584 836 648 Polemonem
850 583 1025 662 audisset,
1051 605 1109 648 cur
1131 587 1165 646 et
1187 583 1228 647 ab
1252 603 1291 645 eo
1313 580 1385 666 ipso

233 692 268 750 et
289 707 308 750 a
330 686 553 771 superioribus
577 685 769 751 dissideret:
795 709 933 770 quorum
955 685 1021 750 fuit
1042 687 1125 751 haec
1147 682 1327 762 institutio,
1349 681 1387 744 in

231 812 296 873 qua
317 788 559 856 animadvertas
582 789 683 854 velim
705 789 784 873 quid
800 789 993 854 mutandum
1009 797 1107 874 putes
1123 809 1184 852 nec
1200 792 1384 872 exspectes,

232 892 311 956 dum
333 893 374 957 ad
399 892 507 958 omnia
530 892 647 972 dicam,
672 913 756 977 quae
780 915 798 956 a
820 899 855 957 te
878 892 969 958 dicta
991 899 1085 956 sunt:
1124 891 1277 956 universa
1299 887 1386 952 enim

232 993 364 1058 illorum
387 994 516 1058 ratione
540 1015 614 1058 cum
637 1000 711 1058 tota
733 1000 845 1058 vestra
868 993 1110 1078 confligendum
1132 999 1226 1076 puto.
1251 989 1297 1074 (4)
1321 987 1387 1053 Qui

233 1117 308 1160 cum
331 1094 483 1159 viderent
505 1094 552 1159 ita
574 1117 635 1160 nos
658 1116 730 1160 esse
752 1099 869 1175 natos,
902 1099 940 1158 ut
967 1102 1002 1159 et
1025 1092 1243 1161 communiter
1266 1091 1309 1156 ad
1332 1111 1386 1154 eas

232 1197 372 1264 virtutes
395 1197 465 1282 apti
488 1219 645 1277 essemus,
670 1219 752 1282 quae
768 1207 867 1264 notae
882 1199 1095 1282 illustresque
1112 1201 1200 1276 sunt,
1224 1193 1387 1260 iustitiam

232 1299 317 1379 dieo,
342 1300 606 1384 temperantiam,
631 1307 758 1366 ceteras
780 1301 911 1386 generis
934 1301 1080 1366 eiusdem
1102 1321 1250 1384 —quae
1274 1318 1387 1362 omnes
1461 1383 1462 1390 ἵ

232 1402 355 1468 similes
379 1403 499 1468 artium
521 1403 721 1489 reliquarum
743 1406 881 1471 materia
903 1411 1036 1470 tantum
1058 1404 1100 1468 ad
1121 1402 1293 1467 meliorem
1314 1423 1387 1486 par·
1461 1435 1462 1444 ι

231 1512 301 1569 tem
324 1508 358 1568 et
379 1505 579 1572 tractatione
603 1505 759 1570 differunt
780 1541 842 1585 -,
876 1527 996 1590 easque
1018 1505 1107 1591 ipsas
1129 1504 1271 1569 virtutes
1295 1501 1385 1566 vide-

231 1613 307 1671 rent
329 1629 389 1671 nos
412 1608 679 1692 magnificentius
703 1615 860 1693 appetere
882 1612 918 1673 et
939 1608 1119 1688 ardentius,
1143 1607 1264 1672 habere
1288 1605 1385 1670 etiam
1461 1613 1462 1634 ¹

231 1709 364 1774 insitam
387 1711 552 1793 quandam
574 1711 628 1776 vel
651 1710 764 1796 potius
786 1711 935 1776 innatam
967 1711 1184 1796 cupiditatem
1215 1709 1383 1786 scientiae,

231 1818 394 1895 natosque
409 1832 482 1876 esse
497 1813 539 1877 ad
562 1812 854 1896 congregationem
876 1814 1046 1878 hominum
1069 1820 1103 1878 et
1125 1813 1167 1878 ad
1190 1812 1385 1877 societatem

233 1914 569 2000 communitatemque
592 1915 723 2000 generis
745 1916 900 1996 humani,
933 1938 1036 2001 eaque
1063 1917 1098 1980 in
1120 1915 1272 1980 maximis
1292 1917 1382 2000 inge·
1461 1927 1462 1950 ¹

231 2015 295 2082 niis
316 2017 458 2082 maxime
481 2018 621 2098 elucere,
644 2026 751 2084 totam
774 2020 1017 2106 philosophiam
1039 2027 1108 2085 tres
1130 2019 1165 2083 in
1178 2027 1285 2106 partes
1300 2019 1378 2082 divi-
1461 2089 1462 2094 γ

233 2126 366 2199 serunt,
391 2142 489 2204 quam
511 2120 725 2204 partitionem
748 2145 767 2186 a
789 2121 921 2187 Zenone
944 2143 1016 2186 esse
1037 2127 1202 2187 retentam
1224 2122 1380 2186 videmus.

233 2220 277 2307 (5)
309 2221 457 2288 Quarum
479 2245 555 2288 cum
576 2247 642 2289 una
664 2225 727 2304 sit,
761 2247 825 2309 qua
848 2247 955 2290 mores
988 2225 1183 2290 conformari
1215 2231 1384 2310 putantur,

234 2325 348 2389 differo
372 2346 444 2390 eam
466 2331 605 2410 partem,
631 2349 714 2411 quae
737 2327 830 2412 quasi
853 2328 952 2412 stirps
976 2333 1028 2392 est
1050 2327 1147 2391 huius
1172 2325 1385 2410 quaestionis.

234 2425 301 2491 Qui
323 2425 368 2492 sit
392 2426 478 2492 enim
500 2428 575 2492 finis
597 2429 770 2507 bonorum,
796 2451 888 2494 mox:
922 2430 1082 2495 hocloco
1105 2435 1237 2494 tantum
1261 2429 1387 2508 dico,a
1462 2496 1463 2542 p

233 2529 402 2593 veteribus
426 2529 656 2614 Peripateticis
688 2532 950 2617 Academisque,
989 2533 1046 2618 qui
1075 2553 1110 2597 re
1143 2532 1389 2598 consentientes
1462 2545 1463 2608 l

233 2631 403 2696 vocabulis
427 2631 634 2713 differebant,
660 2655 734 2698 eum
755 2635 878 2714 locum,
903 2657 1000 2720 quem
1024 2634 1154 2702 civilem
1169 2643 1260 2700 recte
1277 2635 1384 2722 appel·

232 2731 333 2818 laturi
355 2732 522 2813 videmur,
556 2735 675 2800 Graeci
697 2734 886 2815 πολιτικόν,
919 2736 1064 2820 graviter
1087 2743 1121 2802 et
1153 2735 1285 2820 copiose
1319 2756 1384 2800 esse

232 2841 426 2900 tractatum.

233 2989 283 3041 339
302 3004 338 3042 an
355 2986 397 3042 bis
415 3006 450 3042 zu
467 2988 568 3044 seinem
586 2989 660 3044 Tode
677 2992 750 3059 (314)
768 2991 916 3048 Vorsteher
933 2991 981 3047 der
998 2992 1099 3048 dlteren
1117 2991 1269 3048 Academie.
1330 2991 1386 3046 Po·

232 3055 579 3120 lemosauH1L34.
643 3059 900 3122 Theophrastus
918 3079 940 3116 s.
958 3063 1066 3125 zuI2‚
1085 3066 1109 3116 6.
1162 3058 1386 3116 Zeucsznll

232 3128 257 3190 6,
277 3128 317 3178 17.
378 3124 559 3182 institutio
577 3127 776 3199 ‘Lehrbegriff'‚
795 3148 816 3185 c.
836 3134 860 3195 8,
880 3135 913 3184 19
930 3129 965 3185 ab
983 3130 1034 3185 hac
1052 3131 1166 3202 antiqua
1183 3130 1385 3185 constitutione.

175 3216 182 3233 =
301 3193 333 3247 4.
369 3193 548 3250 iustitiam
566 3196 642 3252 dico
660 3201 712 3252 eto.
731 3197 774 3253 Da
791 3198 847 3254 Cic.
865 3199 924 3254 hier
941 3207 994 3254 nui·
1011 3197 1054 3254 die
1072 3199 1188 3262 iustitia,
1206 3197 1386 3270 temperantia

231 3261 295 3317 und-
306 3262 426 3318 nachher
442 3263 513 3319 auch
531 3263 574 3320 die
591 3265 736 3336 prudentia
763 3266 874 3333 (habere
897 3268 981 3322 etiam
998 3267 1112 3323 insitam
1129 3267 1266 3339 quandam
1284 3266 1328 3322 vel
1345 3283 1385 3337 po

232 3331 288 3386 tius
305 3332 431 3387 innatam
448 3331 627 3404 cupiditatem
645 3335 784 3402 scientiae)
803 3336 940 3399 erwdhnt,
968 3354 998 3390 so
1025 3336 1131 3392 schciut
1157 3355 1202 3401 es,
1228 3337 1269 3392 als
1295 3336 1337 3390 sei
1361 3350 1386 3386 er

232 3398 329 3456 ebenso
355 3401 405 3455 wie
423 3399 455 3455 de
473 3402 518 3456 off.
536 3403 608 3464 115,
628 3407 660 3456 18
687 3405 734 3458 der
760 3405 1180 3476 aristoteliach-peripatetischen
1206 3403 1384 3470 Einthciluug

231 3468 279 3523 der
296 3469 410 3539 Tugend
428 3468 458 3524 in
476 3470 519 3525 die
537 3471 700 3544 διανοητικὴ
719 3472 776 3527 und
794 3473 837 3528 die
854 3473 942 3546 ἠθικὴ
963 3473 1048 3556 ἀρετή
1087 3474 1179 3557 efolgt.
1254 3473 1384 3528 similes

232 3537 359 3592 artium
387 3537 451 3593 reli
481 3557 601 3594 narum
628 3544 677 3596 etc.
713 3541 793 3596 Diese
811 3541 959 3612 Tugenden
977 3542 1038 3597 srnd
1057 3493 1109 3598 tien
1134 3542 1250 3613 irbrigen
1268 3541 1384 3596 Wissen·

231 3606 355 3661 schaiten
373 3605 463 3661 dhnlic
501 3607 557 3674 (die
575 3608 683 3664 Stoilrsr
700 3607 887 3666 batrachteten
904 3611 948 3666 die
965 3611 1205 3676 wissenschaften,
1223 3611 1384 3682 wenigatena

232 3674 276 3728 die
292 3675 429 3730 Dialectik
446 3677 502 3730 und
520 3677 627 3746 Physik
643 3677 682 3732 als
701 3677 743 3733 Τιι
763 3678 857 3743 endan,
876 3698 897 3734 s.
915 3679 1019 3744 11121,
1039 3684 1079 3735 72.
1098 3684 1139 3742 22,
1159 3683 1203 3748 73)
1221 3679 1278 3735 und
1295 3683 1384 3733 unter-
1462 3695 1463 3698 ¹

233 3742 357 3798 scheiden
376 3744 434 3798 sich
451 3762 505 3799 von
522 3744 606 3800 ihnen
624 3765 677 3800 nur
694 3746 724 3800 in
767 3747 894 3803 iiclrsicht
911 3748 964 3803 auf
977 3747 1115 3804 denStoff
1128 3749 1185 3803 und
1203 3745 1383 3804 dieBehand·
1462 3777 1463 3780 =

231 3811 364 3882 luugsart
383 3811 453 3866 doch
471 3831 501 3868 sc
519 3812 582 3868 dass
600 3812 673 3870 diese
690 3815 719 3869 in
737 3816 947 3888 den-lugendam
964 3817 1149 3889 vorziiglicher
1167 3817 1228 3872 sind
1241 3817 1280 3872 als
1291 3818 1323 3871 in
1336 3815 1384 3868 den

231 3879 473 3935 Wisssuschalten.
542 3899 662 3953 easque
679 3883 689 3936 i
719 3901 773 3938 sas
791 3884 944 3940 virtutes
961 3885 1119 3941 viderent
1137 3889 1188 3941 etc.
1207 3886 1263 3941 oio.
1281 3887 1383 3940 museto

232 3947 427 4020 entsprecheud
446 3948 507 4004 dem
524 3969 608 4006 ronan
628 3903 749 4007 ehenden
766 3956 799 4007 ut
816 3957 843 4008 et
860 3954 918 4025 apti
936 3973 1057 4011 essemus
1075 3974 1105 4011 sc
1116 3955 1280 4010 lortsahren:
1300 3956 1329 4008 et
1341 3968 1382 4006 eas

231 4017 304 4142 itpsae
322 4047 354 4141 t-e-
374 4019 566 4141 appptepqmus,
584 4019 620 4074 ha
632 4039 749 4143 ssrempp·
762 4020 919 4154 eltiappj1⁹1
929 4021 1106 4148 daianqugltp
1124 4023 1171 4079 der
1187 4023 1328 4079 Nachsatz
1346 4027 1382 4076 to

262 4105 357 4142 me.
445 4106 459 4141 r
514 4106 549 4141 ιιι
589 4107 696 4144 ares:
742 4108 807 4145 saec
938 4111 989 4156 s,
1065 4112 1074 4147 1

136 4216 139 4222 ,
301 4155 331 4210 5.
366 4107 657 4227 Academicolisque
674 4157 718 4212 die
735 4158 883 4229 Anhiinger
901 4109 949 4215 dir
966 4161 1038 4215 alten
1055 4179 1109 4216 von
1127 4161 1207 4216 Plato
1224 4161 1381 4232 gestisteten

230 4224 383 4280 Academia.
487 4224 523 4279 ui
540 4243 572 4280 re
590 4227 851 4284 consentientes
869 4228 1046 4284 vocabulis
1065 4229 1293 4285 differebant:
1329 4229 1380 4284 An·

228 4293 303 4348 sicht
321 4293 367 4349 des
378 4292 476 4350 Antioc
496 4312 538 4358 us,
555 4293 617 4349 dem
634 4294 690 4350 Cic.
708 4295 766 4351 hier
783 4297 833 4352 wie
850 4296 947 4352 immer
964 4297 1042 4368 folgt.
