3020 4948
121 293 122 297 Ν
229 324 268 386 76
459 321 509 375 na
528 318 679 375 nmmos
697 317 881 373 cononum
899 317 946 372 nr
964 315 1152 372 umoauu

225 479 309 557 nihil
336 491 503 556 affirmant
531 497 565 554 et
593 489 686 573 quasi
713 491 887 573 desperata
914 487 1104 571 cognitione
1130 486 1211 551 uerti
1235 484 1269 549 id
1292 484 1390 568 sequi

225 595 353 672 volunt,
379 593 607 678 quodcumque
632 591 701 656 veri
723 591 830 655 simile
848 590 1011 657 videatur.
1048 588 1117 672 (44)
1141 589 1225 652 Cum
1240 587 1390 673 Epicuro
1506 597 1507 666 ᾗ

224 705 336 762 autem
359 700 422 762 hoc
445 698 519 782 plus
544 701 595 762 est
616 695 754 779 negotii,
779 694 867 780 quod
884 716 901 758 e
918 693 1042 779 duplici
1065 715 1184 778 genere
1199 691 1388 776 voluptatis

226 802 421 866 coniunctus
438 808 500 879 est,
527 799 679 883 quodque
703 808 737 863 et
759 799 830 883 ipse
853 805 888 862 et
903 797 1001 862 amici
1017 797 1087 861 eius
1104 803 1138 860 et
1154 794 1252 859 multi
1266 801 1388 879 postea

225 902 414 968 defensores
444 902 513 966 eius
541 901 725 965 sententiae
753 899 903 978 fuerunt,
934 905 967 963 et
993 898 1104 963 nescio
1134 920 1197 981 quo
1221 897 1319 961 modo
1343 896 1389 974 is,

225 1003 281 1088 qui
296 1003 529 1069 auctoritatem
544 1001 712 1066 minimam
728 1002 841 1079 habet,
860 1000 1036 1064 maximam
1052 999 1129 1079 vim,
1150 999 1292 1083 populus
1309 1019 1391 1061 cum

223 1106 291 1171 illis
313 1107 405 1172 facit.
440 1106 532 1170 Quos
552 1105 617 1171 nisi
632 1105 868 1190 redarguimus,
894 1104 999 1168 omnis
1015 1103 1132 1182 virtus,
1158 1124 1253 1167 omne
1270 1101 1388 1180 decus,

224 1210 329 1275 omnis
362 1231 439 1273 vera
470 1209 542 1272 laus
575 1189 755 1273 deserenda
787 1215 849 1272 est.
904 1207 960 1270 Ita
992 1212 1175 1270 ceterorum
1209 1203 1390 1268 sententiis

224 1311 359 1375 semotis
381 1308 579 1393 relinquitur
601 1332 667 1374 non
690 1309 772 1372 mihi
795 1330 868 1371 cum
887 1308 1065 1390 Torquato,
1092 1307 1150 1370 sed
1172 1307 1287 1372 virtuti
1308 1326 1387 1368 cum

223 1413 396 1496 voluptate
416 1409 570 1476 certatio:
594 1433 691 1496 quam
711 1410 844 1494 quidem
863 1409 1078 1474 certationem
1097 1411 1196 1473 homo
1215 1418 1250 1473 'et
1266 1411 1389 1472 acutus

224 1522 259 1579 et
281 1515 424 1598 diligens
430 1564 439 1594 ,
466 1514 686 1598 Chrysippus,
712 1536 778 1577 non
803 1513 986 1577 contemnit
1008 1520 1184 1595 totumque
1208 1511 1386 1576 discrimen

224 1618 343 1680 summi
374 1617 453 1681 boni
484 1618 517 1681 in
549 1639 660 1681 earum
694 1615 938 1699 comparatione
970 1615 1116 1700 positum
1147 1623 1255 1698 putat.
1310 1615 1388 1696 Ego

224 1728 334 1784 autem
363 1720 532 1798 existimo,
564 1720 592 1782 si
618 1722 797 1782 honestum
825 1740 896 1782 esse
925 1718 1048 1802 aliquid
1077 1719 1269 1797 ostendero,
1295 1718 1386 1801 quod

224 1822 268 1886 sit
291 1823 399 1907 ipsum
423 1845 482 1886 sua
504 1822 537 1886 vi
559 1827 694 1906 propter
725 1843 825 1905 seque
859 1823 1101 1906 expetendum,
1135 1821 1241 1886 iacere
1273 1826 1389 1885 vestra

225 1926 343 1990 omnia.
391 1926 510 2009 ltaque
534 1947 572 1989 eo
597 1926 693 2009 quale
717 1923 761 1988 sit
783 1924 949 2004 breviter,
983 1933 1022 1988 ut
1053 1932 1187 2009 tempus
1218 1924 1379 2007 postulat,

224 2030 409 2094 constituto
433 2030 589 2095 accedam
612 2029 654 2094 ad
683 2028 792 2092 omnia
818 2037 891 2108 tua,
922 2029 1103 2113 Torquate,
1134 2029 1198 2093 nisi
1227 2026 1382 2091 memoria

223 2132 310 2197 forte
334 2133 504 2197 defecerit.

310 2234 378 2320 (45)
401 2236 589 2301 Honestum
608 2235 712 2320 igitur
734 2236 768 2300 id
790 2235 1029 2319 intellegimus,
1055 2235 1143 2318 quod
1165 2235 1234 2299 tale
1259 2241 1321 2312 est,
1345 2239 1389 2299 ut

222 2338 373 2403 detracta
397 2339 486 2403 omni
508 2339 657 2403 utilitate
690 2339 760 2402 sine
791 2337 870 2402 ullis
901 2337 1055 2421 praemiis
1087 2336 1292 2401 fructibusve
1322 2357 1385 2420 per

221 2460 257 2503 se
280 2441 389 2524 ipsum
411 2439 519 2524 possit
541 2440 611 2504 iure
634 2439 773 2504 laudari.
806 2424 920 2504 'Quod
944 2441 1040 2522 quale
1064 2439 1119 2518 sit,
1143 2446 1301 2502 nontam
1324 2438 1386 2502 de·

221 2541 382 2620 finitione,
409 2565 472 2625 qua
496 2565 569 2605 sum
591 2565 682 2620 usus,
706 2541 859 2625 intellegi
874 2548 998 2626 potest,
1020 2564 1216 2626 quamquam
1233 2540 1385 2624 aliquan·

221 2651 293 2707 tum
309 2649 433 2728 potest,
458 2665 556 2727 quam
573 2644 739 2708 communi
762 2643 908 2708 omnium
930 2643 1052 2708 iudicio
1078 2649 1112 2709 et
1135 2643 1250 2727 optimi
1272 2643 1386 2708 cuius-

222 2767 286 2830 que
310 2745 429 2809 studiis
454 2753 553 2829 atque
576 2746 686 2825 factis,
712 2747 767 2831 qui
789 2748 955 2832 permulta
979 2748 1021 2812 ob
1045 2769 1118 2810 eam
1133 2769 1233 2811 unam
1249 2769 1385 2812 oausam

220 3001 311 3056 nihil
328 3004 521 3058 affirmant
540 3008 589 3058 etc.
608 3005 741 3059 Aehnhch
760 3005 875 3060 urtheilt
892 3004 947 3059 Cio.
966 3005 1033 3060 iiber
1051 3005 1094 3060 die
1105 3006 1283 3060 Academilrer
1294 3006 1382 3060 Aead.

219 3073 249 3126 ΙΙ
267 3075 320 3135 3,7
338 3071 408 3126 nihil
426 3073 500 3127 aliud
518 3077 613 3144 agunt,
632 3074 685 3128 nisi
703 3079 735 3128 ut
753 3074 781 3128 in
800 3078 945 3144 utramque
962 3079 1068 3144 partem
1086 3073 1253 3146 disputando
1271 3073 1383 3130 eliciant

220 3139 332 3210 ahquid,
351 3141 423 3211 quod
442 3145 490 3196 aut
507 3161 601 3197 verum
620 3145 657 3198 sit
675 3148 724 3197 aut
742 3142 777 3197 ad
795 3142 823 3197 id
842 3160 924 3225 quam
937 3144 1063 3265 proxime
1081 3143 1199 3198 accedat.

287 3208 338 3263 44.
357 3211 486 3280 quod-
500 3213 711 3266 coniunctus
730 3216 782 3266 est
801 3213 868 3267 ‘weil
886 3231 936 3266 nac
975 3213 1062 3267 seiner
1073 3213 1190 3267 Ansicht
1203 3212 1251 3266 das
1264 3211 1382 3267 hdchste

218 3278 277 3333 Gut
294 3297 343 3332 aus
362 3279 434 3334 einer
452 3279 595 3352 doppelten
612 3283 665 3336 Art
682 3300 736 3334 von
754 3281 825 3335 Lust
843 3285 1108 3352 zusammengesetzt
1125 3281 1179 3336 ist'.
1216 3281 1284 3336 Sehr
1300 3281 1382 3337 kiihn

219 3349 290 3427 setzt
301 3347 355 3402 Cio.
369 3348 412 3403 die
429 3349 532 3403 Person
550 3349 595 3404 fiir
613 3349 664 3404 den
682 3348 956 3420 unpersdnlichenGe
976 3349 1091 3404 cnstand
1109 3350 1166 3404 und
1185 3349 1282 3405 ebcnso
1300 3349 1381 3405 lrhhn

218 3415 359 3471 verbindet
377 3435 405 3471 er
424 3418 552 3488 coniungi
570 3418 609 3471 im
628 3418 710 3472 Sinus
727 3436 781 3471 von
799 3418 923 3488 componi
941 3369 1005 3472 oder
1029 3420 1125 3473 confici
1147 3419 1200 3474 mit
1222 3438 1266 3482 ex,
1290 3418 1382 3474 wofiir

218 3489 297 3539 sonet
315 3485 364 3538 das
383 3486 501 3557 Simplex
520 3486 608 3539 steht:
628 3485 661 3540 de
678 3487 780 3539 invent.
798 3486 828 3540 Π
847 3491 888 3549 52,
908 3490 957 3540 157
975 3489 1086 3543 iunctus
1106 3507 1136 3542 ex
1154 3488 1192 3543 du
1210 3488 1255 3542 lici
1273 3505 1379 3558 genere.

218 3554 253 3608 ad
271 3555 333 3608 Att.
350 3553 391 3607 IV
406 3559 445 3617 15,
466 3561 478 3606 1
499 3558 531 3608 ut
549 3559 590 3608 est
609 3572 639 3607 ex
658 3573 701 3609 me
720 3559 747 3608 et
765 3571 795 3606 ex
813 3558 841 3608 te
859 3555 969 3610 iunctus
987 3557 1137 3626 Dionysius
1149 3557 1188 3612 M.
1225 3558 1380 3627 omponius.

206 3640 268 3743 pq1
265 3622 373 3743 puhusl
377 3622 454 3743 4‘de4r4
461 3622 692 3744 gssmifilgfeg'l
716 3622 869 3746 Ingpesem
888 3624 971 3705 §inne
989 3624 1207 3750 gebrauchttOic.
1226 3625 1268 3748 οξ
1285 3625 1379 3766 {pirgi-

230 3709 249 3743 u
270 3709 298 3744 οι
335 3729 701 3754 .......
809 3711 824 3746 r
854 3711 902 3747 ssr
930 3713 1132 3750 usnonoon
1157 3713 1272 3749 emm.
1368 3725 1378 3736 -

217 3757 623 3897 suscepisses
637 3712 1380 3904 aazias{actiunculassiu

217 3894 373 3948 oureischen
390 3894 546 3949 verbunden
564 3915 598 3950 zu
615 3897 713 3953 haben.
749 3899 1098 3969 vg1.Acad.1145‚1es.
1118 3906 1158 3966 lc,
1179 3907 1237 3956 140.
1327 3906 1378 3957 to-

216 3968 367 4033 tumque.
390 3963 480 4020 Ueber
498 3983 549 4034 que
566 3967 636 4020 nach
653 3967 888 4039 vorausgehender
905 3969 1044 4040 Negation
1064 3989 1085 4024 s.
1104 3989 1138 4025 zu
1156 3971 1170 4024 I
1190 3975 1229 4035 12,
1248 3977 1289 4024 41.
1342 3971 1379 4025 in

217 4050 331 4087 earum
350 4033 620 4103 comparatione.
656 4036 790 4107 Chrysipp
808 4036 909 4091 nimmt
927 4057 970 4102 an,
990 4039 1053 4096 dass
1072 4038 1114 4094 die
1132 4057 1217 4109 ganas
1234 4039 1377 4096 Entschei·

217 4101 292 4170 dung
310 4098 377 4156 iiber
395 4101 443 4156 das
461 4102 576 4157 hdchste
593 4105 651 4159 Gut
668 4105 767 4175 gerede
791 4105 842 4159 auf
862 4105 923 4160 dem
940 4108 1027 4162 Streit
1051 4109 1097 4163 der
1115 4108 1230 4179 Tugend
1253 4109 1306 4162 mit
1329 4108 1377 4162 der

215 4171 287 4224 Lust
305 4169 413 4224 bernhe.¹
432 4171 579 4227 Contentio
598 4185 625 4228 et
643 4174 810 4244 comparatio
828 4174 970 4231 verbindet
988 4177 1044 4231 Cic.
1063 4177 1095 4232 de
1114 4177 1158 4232 oli.
1176 4179 1192 4232 I
1210 4182 1251 4241 17,
1270 4181 1311 4231 58.
1330 4181 1374 4240 43,

218 4243 275 4292 152.
346 4239 459 4294 iacere
476 4241 515 4295 im
534 4241 616 4296 Sinne
634 4261 687 4296 von
707 4261 841 4296 corruere:
867 4249 941 4306 c.35,
953 4249 1010 4299 117.
1030 4245 1158 4310 V28‚86.
1176 4246 1209 4301 de
1227 4250 1284 4300 nat.
1303 4245 1377 4301 deor.

216 4308 260 4363 III
280 4311 322 4371 35,
344 4313 376 4362 85
396 4327 448 4378 qua
467 4311 651 4378 (conscientia)
671 4311 779 4365 sublata
797 4311 885 4366 iacent
903 4315 1003 4368 omnia.
