3020 4948
353 305 415 362 nn.
432 306 471 360 n
508 305 573 362 444.
591 276 823 388 44444441
848 266 1021 380 issi-er.

1132 256 1139 269 Ι

1130 349 1162 366 .-
1193 351 1201 363 v

1129 381 1137 395 .
1186 380 1207 392 ἰ

1109 399 1203 436 ’40ιί

1210 313 1270 377 101

1206 407 1213 418 u

1129 437 1180 455 '0'
1215 439 1223 451 ι

99 475 288 540 humanius
305 479 421 542 horum
443 479 676 558 recentiorum,
700 452 1016 562 nmiqiaani'dictum
1040 481 1081 546 ab
1105 481 1176 564 ipso
1199 482 1270 562 illo,

103 579 201 664 quod
228 580 340 659 sciam,
364 579 469 664 primo
491 581 650 646 utilitatis
674 603 773 646 cansa
796 581 938 646 amioum
962 584 1093 666 expeti,
1118 606 1195 648 oum
1216 609 1272 649 au·

102 689 179 746 tem
201 705 285 746 usus
308 683 515 764 accessisset,
539 692 611 749 tum
627 685 736 770 ipsum
752 684 853 750 amari
875 707 934 769 per
956 707 1002 764 se,
1029 686 1129 751 etiam
1152 688 1273 752 omissa

105 808 164 872 spe
190 784 389 870 voluptatis.
435 787 509 852 Hoc
533 787 597 852 etsi
619 787 826 852 multimodis
849 789 1046 872 reprehendi
1067 797 1198 875 potest,
1221 799 1272 855 ta·

105 911 183 954 men
207 888 337 974 accipio
361 890 449 974 quod
472 891 572 968 dant3
597 891 679 956 mihi
694 891 781 956 enim
805 891 887 955 satis
911 900 973 971 est,
998 891 1079 976 ipsis
1095 893 1271 966 nonsatis.

109 993 196 1058 Nam
212 992 393 1076 aliquando
415 1015 513 1078 posse
535 999 626 1058 recte
649 993 720 1058 fieri
743 994 861 1059 dicunt
883 996 975 1059 nulla
998 1002 1190 1081 exspectata
1211 1017 1273 1060 neo

114 1096 264 1180 quaesita
286 1095 472 1180 voluptate.
519 1095 586 1181 (83)
609 1096 756 1160 Posuisti
783 1097 884 1162 etiam
908 1097 1016 1162 dicere
1045 1098 1127 1162 alios
1155 1098 1273 1163 foedus

113 1199 281 1285 quoddam
295 1199 381 1264 inter
396 1223 431 1264 44
454 1199 562 1264 faeere
585 1200 763 1285 sapientes,
788 1207 837 1279 ut,
863 1201 1025 1286 quemad
1048 1201 1183 1268 modum
1206 1201 1274 1264 sint

109 1305 142 1367 in
166 1325 202 1367 se
227 1302 317 1388 ipsos
341 1302 497 1381 animati,
532 1302 649 1367 eodem
670 1302 769 1368 modo
793 1303 861 1367 sint
893 1325 973 1388 erga
1004 1303 1143 1368 amicos:
1182 1302 1216 1367 id
1239 1310 1274 1366 et

110 1406 181 1472 fieri
203 1427 304 1492 posse
327 1412 362 1470 et
385 1426 482 1490 saepe
507 1426 578 1470 esse
601 1405 728 1470 factum
750 1413 786 1469 et
809 1406 851 1470 ad
873 1407 1063 1491 voluptates
1092 1405 1273 1492 percipien-

113 1511 171 1574 das
193 1509 336 1574 manime
359 1508 536 1594 pertinere.
582 1507 655 1573 Hoc
679 1508 797 1574 foedus
820 1509 930 1574 facere
954 1510 981 1573 si
1003 1517 1201 1594 potuerunt,
1225 1509 1273 1572 fa-

116 1614 204 1678 ciant
226 1612 326 1677 etiam
348 1611 444 1692 illud,
466 1618 506 1675 ut
527 1612 739 1694 aequitatem,
764 1612 971 1692 modestiam,
996 1613 1137 1678 virtutes
1162 1633 1274 1678 omnes

118 1738 176 1800 per
198 1737 234 1780 se
250 1715 340 1800 ipsas
364 1714 469 1799 gratis
493 1714 647 1800 diligant.
694 1717 749 1780 An
772 1737 863 1794 vero,
888 1716 917 1779 si
939 1715 1104 1780 fructibus
1128 1723 1163 1781 et
1187 1737 1274 1780 emo-

124 1818 271 1884 lumentis
296 1823 331 1883 et
357 1818 561 1883 utilitatibus
590 1818 753 1883 amicitias
784 1819 947 1899 colemus,
978 1820 1005 1883 si
1033 1820 1126 1884 nulla
1155 1816 1275 1883 caritas

120 1923 188 2002 erit,
214 1944 298 2006 quae
320 1921 423 1986 faciat
446 1920 626 1986 amicitiam
648 1921 755 2006 ipsam
778 1944 838 1986 sua
860 1930 995 2006 sponte,
1019 1922 1053 1985 vi
1076 1945 1151 2000 sua,
1176 1943 1217 1985 ex
1240 1917 1279 1984 se‘

116 2035 147 2092 et
167 2035 307 2112 propter
330 2047 365 2088 se
389 2023 618 2109 expetendam,
644 2024 782 2088 dubium
806 2031 858 2088 est
881 2024 961 2107 quin
983 2023 1104 2089 fundos
1129 2031 1163 2087 et
1184 2023 1275 2087 insu·

114 2131 160 2194 las
185 2127 302 2193 amicis
326 2127 587 2210 anteponamus?
634 2124 701 2210 (84)
739 2125 836 2190 Licet
858 2125 912 2189 hic
935 2147 1047 2190 rursus
1071 2147 1109 2188 ea
1133 2145 1275 2188 comme-

113 2253 234 2310 mores,
259 2251 342 2313 quae
366 2228 499 2312 optimis
523 2228 633 2293 verbis
665 2228 706 2292 ab
730 2227 873 2312 Epicuro
905 2229 946 2292 de
978 2227 1076 2292 laude
1110 2225 1274 2290 amicitiae

109 2337 317 2401 dictasunt.
363 2333 442 2396 Non
465 2353 585 2415 quaero
610 2331 688 2414 quid
713 2331 820 2410 dicat,
855 2333 913 2396 sed
936 2331 1016 2415 quid
1040 2329 1275 2395 convenienter

105 2438 219 2524 possit
249 2435 370 2500 rationi
401 2443 436 2499 et
467 2434 652 2499 sententiae
685 2456 763 2498 suae
796 2435 916 2499 dicere.
965 2433 1144 2498 ‘Utilitatis
1177 2453 1275 2496 causa

106 2539 259 2606 amicitia
282 2542 333 2602 est
356 2537 528 2621 quaesita!
566 2537 656 2601 Num
678 2537 782 2621 igitur
803 2537 971 2602 utiliorem
994 2537 1058 2602 tibi
1080 2540 1168 2601 hunc
1183 2533 1274 2599 'Pria-
1301 2603 1303 2606 ,

105 2644 199 2707 rium
222 2645 321 2724 putas
345 2660 417 2704 esse
440 2661 554 2722 posse,
578 2663 684 2722 -quam
708 2639 737 2702 si
758 2647 818 2704 tua
841 2639 909 2703 sint
930 2639 1080 2704 Puteolis
1104 2637 1274 2723 granaria?

107 2745 246 2828 Collige
271 2741 393 2822 omnia,
420 2763 502 2826 quae
527 2742 654 2806 soletis.
702 2742 918 2807 ‘Praesidium
941 2743 1141 2806 amicorum)
1186 2739 1275 2805 Satis

107 2853 164 2912 est
188 2844 254 2910 tibi
276 2844 311 2909 in
333 2851 379 2923 te,
405 2844 485 2908 satis
508 2844 542 2907 in
564 2844 714 2928 legibus,
747 2844 829 2908 satis
857 2844 891 2908 in
918 2844 1139 2913 mediocribus
1163 2840 1274 2906 amici-

106 2951 169 3014 tiis
192 2947 362 3034 praesidii:
388 2947 453 3026 iam
477 2947 644 3010 contemni
666 2969 732 3010 non
755 2947 896 3032 poteris3
922 2948 1033 3011 odium
1051 2953 1162 3010 autem
1178 2951 1213 3010 et
1226 2944 1275 3008 in·

106 3051 237 3118 vidiam
259 3049 357 3115 facile
382 3049 502 3114 vitabis
510 3075 520 3127 3
546 3050 665 3115 adeas
690 3051 775 3114 enirn
798 3071 851 3114 res
875 3050 915 3113 ab
932 3050 1075 3134 Epicuro
1099 3055 1277 3134 praecepta

111 3157 247 3217 dantur.
279 3153 325 3216 Et
347 3160 461 3216 tamen
482 3151 586 3215 tantis
610 3151 831 3235 vectigalibus
854 3151 896 3214 ad
918 3151 1155 3216 liberalitatem
1177 3157 1276 3214 utens

112 3344 156 3398 Es
177 3341 214 3396 ist
230 3341 311 3396 daher
328 3341 459 3411 richtigcr
479 3341 532 3396 mit
549 3340 663 3412 Madvig
681 3359 743 3396 cnm
760 3361 795 3395 zu
813 3343 954 3411 ergtnzen.
1012 3339 1143 3410 aliquid
1162 3338 1275 3392 huma·

111 3413 197 3467 nius
215 3409 331 3466 horum
349 3410 579 3465 recentiorum
605 3410 673 3466 ‘eine
696 3409 742 3464 der
768 3409 1010 3465 Menschenwiirde
1036 3411 1187 3478 gemissere
1213 3406 1239 3461 d.
1257 3406 1275 3460 i.

112 3481 203 3535 edlere
218 3479 336 3534 4144414141
353 3479 400 3534 144
417 3479 564 3534 moderaren
581 3480 604 3534 E
624 3481 742 3544 icureer’,
759 3479 787 3534 N
789 3478 889 3550 ¹agelsb.
908 3483 949 3544 18,
969 3483 992 3532 1.

188 3547 235 3603 83.
259 3549 438 3630 fructibus
457 3549 536 3630 ‘nach
553 3499 727 3604 Verbtltniss
744 3547 792 3630 der
808 3548 945 3612 Friichte’‚
965 3548 1064 3617 Zumpt
1083 3549 1174 3628 11454.
1226 3544 1276 3598 in·

112 3617 214 3674 sulas
231 3617 426 3674 ι14144114144444.
461 3618 506 3673 Sre
523 3617 603 3687 legen
620 3618 790 3689 gewdhnhch
809 3617 902 3672 hinter
920 3617 972 3672 den
989 3612 1275 3693 Wohnhausemnfflo·

109 3689 189 3754 mus)
206 3687 263 3742 und
282 3687 393 3742 wurden
411 3706 447 3740 an
464 3686 581 3756 weniger
598 3685 749 3743 bemittelte
758 3685 845 3740 Lente
863 3684 1002 3756 (inquilini
1019 3683 1077 3738 und
1095 3704 1107 3739 4
1127 3686 1186 3738 tter
1204 3701 1276 3736 msu-

109 3757 188 3821 larii)
205 3756 364 3819 vermietet,
388 3773 441 3808 von
460 3755 546 3810 denen
564 3755 608 3810 ein
625 3755 669 3811 die
686 3755 816 3811 Aufsioht
837 3754 985 3810 fiihrender
1003 3753 1082 3808 Sclar
1105 3703 1275 3818 insuetius)

110 3827 167 3881 den
183 3825 315 3880 Mietzine
331 3824 469 3879 einnahm.
487 3825 542 3879 Der
560 3843 609 3879 aus
628 3826 719 3880 diesen
736 3823 925 3879 Mieth'ausern
942 3840 1075 3894 gezogene
1092 3821 1222 3876 Mietzins
1239 3821 1278 3874 ist

110 3897 174 3950 hier
191 3913 226 3948 zu
243 3893 395 3948 verstehen.
431 3893 464 3948 de
483 3893 528 3948 off.
546 3894 591 3947 HI
611 3898 651 3959 16,
664 3899 697 3948 66
715 3893 845 3948 Claudius
863 3893 1024 3963 proscripsit
1041 3892 1167 3956 insulam,
1185 3889 1276 3944 vendi·

111 3964 165 4027 dit,
185 3963 252 4018 emit
275 3963 309 4017 P.
326 3962 490 4032 Calpurnius
512 3961 586 4017 Piso.
622 3962 891 4033 or.p.Cael.7,1'l
918 3981 991 4016 nunc
1015 3961 1125 4017 demum
1147 3959 1278 4028 intellego

111 4031 205 4088 Clodii
222 4032 340 4086 insulam
359 4049 416 4086 4444
433 4031 563 4085 venalem.

185 4100 236 4154 84.
272 4100 432 4156 Puteolis
450 4095 624 4171 granaria.
659 4098 781 4163 Puteoli,
800 4097 1004 4155 eineSeestadt
1022 4097 1215 4179 Campaniam,
1233 4095 1276 4174 be-

112 4189 174 4226 4444
192 4170 259 4224 viele
285 4189 334 4224 aur
352 4169 507 4230 Aufnahme
534 4168 580 4222 des
608 4165 749 4222 Getreides
778 4167 922 4224 errichtete
948 4167 1173 4237 Privatspercher.
1208 4163 1278 4217 114444

112 4257 210 4311 grosse
228 4238 296 4293 Zahl
313 4256 367 4292 von
385 4235 505 4294 Schiffen
523 4237 635 4292 brachte
659 4236 707 4290 des
730 4236 856 4292 Getreide
879 4256 928 4292 aus
953 4236 1075 4299 Sicilien,
1098 4234 1197 4290 Afrika
1220 4231 1277 4286 und

111 4311 258 4380 Aegypten
275 4306 305 4362 in
324 4306 376 4362 den
393 4307 495 4362 1141444.
547 4307 590 4362 Et
608 4310 718 4361 tamen
737 4310 786 4360 etc.
813 4305 877 4360 Und
896 4305 979 4360 selbst
996 4323 1073 4359 wcnn
1091 4303 1140 4356 das
1158 4320 1214 4357 was
1232 4301 1276 4354 ich
