3020 4948
289 325 350 380 Ina.
367 326 406 379 Il.
443 325 508 381 (lar.
527 327 809 384 XXXII-XXXIII.
846 332 875 395 §5
896 334 1040 386 105-107.
1182 335 1241 397 115

92 493 173 557 datio
196 493 303 558 vitam
325 497 459 560 beatam
482 496 583 574 faoit,
617 504 652 561 et
675 498 808 582 quidem
833 521 969 584 corpore
1001 507 1240 586 perceptarum.

90 597 168 662 Nam
192 596 329 682 siquae
352 607 430 662 sunt
453 600 548 677 aliae,
573 599 694 663 salsum
718 609 770 665 est
793 623 905 666 omnes
929 602 1030 667 animi
1052 606 1242 689 voluptates

91 722 194 764 essee
217 701 364 786 eorporis
388 702 560 767 sooietate.
607 701 762 789 Corporis
778 712 889 770 autem
912 707 1067 791 voluptas
1091 709 1120 771 si
1143 711 1242 774 etiam

89 804 260 888 praeterita
286 804 450 885 delectat,
474 827 542 870 non
564 806 741 891 intellego,
774 829 832 873 our
855 809 1056 874 Aristoteles
1080 812 1242 876 Sardana-

90 905 161 989 palli
183 907 390 990 epigramma
410 914 507 972 tanto
532 929 629 993 opere
652 909 812 988 derideat,
837 910 872 974 in
895 933 959 995 quo
981 912 1039 976 ille
1054 933 1113 976 rex
1129 912 1242 997 Syriae

90 1009 244 1092 glorietur
269 1033 304 1074 se
330 1031 444 1075 omnes
474 1031 586 1076 seeum
609 1003 795 1079 ¹libidinum
827 1015 1019 1098 voluptates
1051 1016 1240 1080 abstulisse.

91 1112 178 1178 Quod
202 1114 294 1178 enim
316 1137 361 1179 ne·
379 1114 475 1180 rivus
499 1116 642 1200 quidem,
667 1116 787 1200 inquit,
812 1116 937 1182 diutius
961 1119 1083 1182 sentire
1099 1125 1241 1203 poterat,

91 1239 177 1299 quam
201 1217 283 1281 dum
307 1217 501 1292 fruebatur,
535 1241 600 1303 quo
624 1219 722 1284 modo
745 1219 780 1283 id
811 1220 923 1302 potuit
954 1228 1085 1285 mortuo
1116 1243 1242 1306 perma-

90 1325 175 1388 nere?
220 1320 317 1384 Fluit
338 1321 441 1404 igitur
464 1322 617 1406 voluptas
641 1322 786 1406 eorporis
810 1329 845 1386 et
867 1323 972 1406 prima
995 1346 1143 1408 quaeque
1167 1348 1243 1389 avo·
1333 1312 1336 1318 ¹

90 1423 131 1486 lat
152 1425 351 1510 saepiusque
373 1426 533 1509 relinquit
556 1447 688 1490 eausam
712 1427 903 1510 paenitendi
922 1449 1020 1510 quam
1036 1429 1242 1493 recordandi.

91 1525 198 1611 Itaque
222 1527 356 1592 beatior
379 1526 556 1591 Africanus
581 1549 655 1590 oum
678 1529 785 1611 patria
806 1528 866 1591 illo
889 1528 988 1592 modo
1013 1529 1164 1613 loquens,

206 1629 358 1694 Desine
382 1631 502 1694 Roma
524 1634 617 1694 tuos
641 1631 779 1695 hostes
806 1679 813 1693 .
840 1677 848 1693 .
875 1679 883 1694 .

91 1732 274 1818 reliquaque
298 1733 478 1816 praeclare,

206 1838 311 1902 Nam
332 1837 410 1901 tibi
433 1836 700 1900 moenimenta
722 1837 796 1900 mei
818 1859 1007 1920 peperere
1030 1838 1200 1902 labores.

92 1935 269 2004 Laboribus
293 1940 349 2004 hie
372 1938 560 2024 praeteritis
583 1937 727 2023 gaudet,
751 1947 792 2003 tu
814 1938 908 2003 iubes
931 1941 1161 2023 voluptatibus
1168 1965 1176 2018 ;
1212 1950 1245 2006 et

91 2040 135 2104 hie
156 2065 191 2108 se
214 2045 257 2109 ad
285 2066 324 2108 ea
346 2051 500 2121 revooat,
534 2043 695 2126 equibus
719 2043 803 2106 nihil
825 2065 971 2126 unquam
1002 2044 1172 2107 rettulerit
1203 2047 1244 2108 arl

92 2165 207 2230 eorpus,
232 2153 393 2211 tutatus
416 2147 532 2210 haeres
556 2145 590 2210 in
623 2167 770 2230 eorpore.
831 2145 999 2209 XXXIII.
1039 2143 1120 2228 (107)
1153 2145 1245 2209 Illud

92 2257 190 2315 autem
212 2251 327 2334 ipsum
350 2248 406 2333 qui
428 2248 573 2314 obtineri
595 2254 728 2331 potest,
754 2248 841 2332 quod
866 2247 975 2312 dieitis
1004 2269 1117 2311 omues
1146 2247 1246 2311 animi

94 2359 120 2414 et
139 2354 332 2440 voluptates
356 2358 391 2415 et
413 2351 544 2417 dolores
569 2351 611 2416 ad
644 2351 788 2436 eorporis
822 2352 1012 2434 voluptates
1045 2373 1083 2414 ae
1116 2350 1246 2414 dolores

93 2455 269 2536 pertinere?
315 2454 452 2518 Nihilne
484 2460 518 2518 te
551 2454 699 2519 deleetat
730 2475 875 2538 unquam
897 2481 939 2502 ·-
962 2453 1079 2533 video‚
1114 2453 1246 2539 quioum
1283 2528 1287 2534 Ι

93 2555 197 2640 loquar
219 2594 276 2636 -,
301 2563 335 2621 te
358 2555 472 2641 igitur,
498 2555 676 2640 Torquate,
700 2557 810 2641 ipsum
832 2578 891 2642 per
914 2579 948 2620 se
972 2555 1055 2620 nihil
1079 2556 1246 2623 delectat?

95 2658 212 2726 Omitto
238 2660 453 2744 dignitatem,
478 2661 701 2740 honestatem,
727 2661 871 2744 speeiem
889 2659 995 2745 ipsam
1011 2659 1182 2739 virtutum,
1206 2661 1246 2723 de

95 2763 201 2843 quibus
217 2772 299 2829 ante
323 2763 448 2828 dietum
473 2770 535 2841 est,
560 2766 642 2827 haee
665 2763 789 2827 leviora
811 2787 947 2849 ponam:
972 2785 1100 2846 poema,
1126 2763 1245 2828 oratio·

95 2952 115 3011 1,
133 2955 160 3074 lt'l
178 2970 267 3007 sermo
279 2981 309 2990 -ν
324 2951 451 3005 obruitur
469 2950 612 3006 hominum
630 2951 745 3006 interitu
762 2955 790 3006 et
809 2951 942 3006 oblivione
960 2950 1131 3021 posteritatis
1149 2951 1246 3004 exstin-

111 3037 139 3073 ue
152 3039 190 3075 ur.

95 3035 110 3085 g
155 3089 222 3144 lat.
262 3087 507 3158 Sardanapalli
534 3089 588 3158 epi
619 3107 752 3143 ramma.
787 3087 839 3142 Die
856 3089 908 3142 wie
926 3105 991 3142 man
1018 3091 1081 3157 sagt
1107 3087 1159 3141 aul
1184 3086 1246 3141 dem

96 3154 214 3232 §rabmal
232 3157 280 3212 des
300 3156 422 3211 Sardana
441 3157 468 3210 al
485 3157 514 3211 in
532 3156 579 3211 der
591 3108 674 3212 gtadt
690 3157 782 3212 Ninus
799 3156 944 3211 belindlioh
982 3174 1099 3212 ewesene
1115 3155 1248 3209 Insohrift

96 3226 233 3282 retineor
295 3226 362 3280 'aab
380 3175 586 3307 Ueiersetrung
612 3226 642 3280 in
668 3229 684 3279 6
711 3225 814 3279 Versen
840 3224 884 3279 bei
901 3174 1000 3278 Strabo
1013 3223 1165 3304 ‚XIV·5,9
1191 3223 1247 3278 und

96 3292 187 3349 Athen.
202 3297 242 3352 VI
295 3295 474 3350 1411111111.
512 3295 582 3349 Zwar
609 3293 763 3358 darsalben,
791 3294 843 3347 auf
865 3292 963 3348 welohe
989 3292 1044 3346 Oro.
1072 3291 1131 3345 brer
1155 3292 1248 3360 Berug

96 3361 263 3489 nifflmblbat
281 3381 309 3418 er
326 3365 405 3419 Tusa.
424 3364 450 3418 V
467 3367 508 3428 35,
529 3368 576 3418 101
595 3364 643 3417 lat.
661 3363 886 3432 wiedergegaben.
911 3361 966 3414 Der
984 3360 1084 3430 griaoh.
1104 3360 1173 3413 Text
1190 3358 1246 3414 der·

97 3447 121 3484 sa
147 3450 177 3488 en
203 3437 297 3490 autet:

222 3502 305 3560 Kea'
327 3505 392 3574 tyto,
413 3502 476 3560 b'oo'
497 3505 609 3578 ἔφαγον
628 3507 676 3556 καὶ
695 3500 843 3576 ἐφύβρισα
863 3503 910 3552 καὶ
930 3498 983 3552 σὺν
1003 3501 1087 3570 ἔρωτι

228 3573 265 3629 Τό
286 3571 329 3628 τιν’
351 3575 486 3628 ἔπαθον·
505 3573 540 3626 τὰ
560 3573 592 3628 δὲ
610 3569 701 3625 πολλὰ
721 3575 769 3624 καὶ
788 3567 872 3640 ὄλβια
891 3566 985 3622 πάντα
1004 3569 1142 3624 λέλυνται.

97 3635 126 3690 ln
141 3641 250 3698 weloher
267 3592 371 3697 ituria
388 3641 548 3696 Aristoteles
567 3640 615 3694 <las
628 3639 789 3720 Epigramm
807 3654 866 3691 vera
887 3637 958 3690 ottet
976 3635 1034 3700 hat,
1052 3635 1090 3689 ist
1108 3633 1186 3687 nieht
1204 3633 1247 3688 be·

98 3703 183 3764 kannt.
287 3710 407 3792 Syriae
429 3709 475 3791 liii·
492 3709 637 3780 Assyriae,
664 3725 715 3763 rue
741 3706 822 3764 151111.
875 3704 967 3786 ‘benno
986 3704 1067 3786 Tusa..
1084 3704 1111 3757 V
1128 3707 1170 3784 31,
1190 3706 1247 3755 101.

99 3771 1248 3920 ttulrltlttttttlalffalltt⁷30ttlmllalttttttl·rtt

100 3929 209 3973 canus:
228 3918 275 3973 der
292 3917 429 3972 behannte
445 3916 477 3971 P.
495 3915 636 3972 Cornelius
655 3913 745 3986 Soipio
764 3913 912 3968 Africanus
929 3912 1025 3967 maior.
1124 3910 1249 3966 Desrne

99 3980 194 4041 Roma
211 3991 261 4043 eto.
296 3987 391 4041 Diesar
408 3984 628 4056 uuvollstiindiga
645 3983 702 4038 und
720 3982 767 4036 der
793 3981 919 4053 folgende
935 3981 1004 4036 Vere
1032 3979 1093 4035 sind
1119 3995 1169 4033 aus
1196 3978 1246 4032 den

100 4050 213 4110 Annalon
231 4057 277 4112 des
303 4055 423 4120 Ennius,
436 4072 606 4125 genommau.
641 4053 669 4106 S.
687 4051 794 4106 Vahlen
810 4051 882 4106 Eun.
899 4068 971 4122 poea.
989 4049 1035 4104 rel.
1054 4049 1081 4102 S.
1100 4051 1158 4102 157.
1193 4047 1249 4100 Der

101 4125 197 4187 eratera,
215 4144 249 4180 au
268 4124 329 4179 dem
348 4125 392 4179 ein
410 4123 532 4178 Verbum
549 4123 595 4177 des
613 4120 767 4177 I'iirohtens
785 4139 819 4176 au
837 4121 972 4190 ergiinzen
994 4119 1049 4180 ist,
1078 4116 1152 4171 steht
1166 4115 1247 4196 'auolr

100 4185 128 4242 da
144 4199 208 4248 orat.
226 4195 331 4257 11142,
351 4196 408 4246 161.
478 4197 574 4247 totus
592 4190 708 4246 haeres
728 4190 763 4243 in
781 4207 922 4260 corpora
941 4187 987 4242 ‘du
1004 4185 1104 4241 bleibst
1120 4183 1248 4254 ledrglreh

101 4253 138 4314 bei
154 4260 213 4317 dem
230 4263 339 4333 Korper
356 4260 468 4323 stehen',
486 4259 617 4332 Nigelsb.
639 4263 697 4322 129,
716 4263 740 4312 2.

161 4329 226 4389 107.
245 4331 393 4402 speeiem
411 4330 520 4401 ipsam
538 4329 713 4384 virtutum
730 4327 789 4382 ‘das
807 4328 880 4382 reine
897 4323 972 4380 Ideal
990 4322 1037 4378 der
1055 4325 1123 4378 oben
1141 4320 1247 4392 bespro·

995 4411 1032 4462 δῦ
