2974 4950
178 3437 179 3440 ,
280 3379 361 3448 artig,

274 289 337 352 254
511 283 561 338 Dll
580 281 730 338 FINIBUS
749 281 935 336 BONORUM
952 278 999 336 ET
1018 278 1206 334 MALORUM

273 477 445 520 novarum:
473 477 535 538 quo
560 454 670 518 studio
695 475 769 517 cum
793 451 905 516 satiari
927 473 994 515 non
1016 450 1156 535 possint,
1183 449 1328 513 omnium
1343 452 1411 510 oete·
1444 477 1445 482 ¹

273 577 512 621 rerumrerum
540 554 637 619 obliti
667 553 752 619 nihil
783 553 967 632 abiectum,
996 552 1079 616 nihil
1112 551 1238 616 humile
1270 549 1410 632 cogitant,

273 666 433 744 tantaque
457 667 508 722 est
530 661 580 722 vis
603 659 728 722 talibus
750 657 783 720 in
807 657 943 735 studiis,
975 663 1014 719 ut
1045 677 1102 720 eos
1133 655 1250 730 etiam,
1283 652 1337 737 qui
1365 650 1410 712 sibi

276 763 358 827 alios
382 764 623 848 proposuerunt
645 761 726 823 fines
756 761 933 838 bonorum,
967 781 1049 842 quos
1078 756 1228 822 utilitate
1256 761 1313 818 eut
1337 754 1410 817 volu·

257 872 366 954 ¹ptete
399 865 561 948 dirigunt,
595 871 707 928 tamen
739 863 774 928 in
804 864 903 928 rebus
936 860 1132 945 quaerendis
1164 858 1409 944 explicandisque

274 966 400 1030 naturis
432 970 558 1029 eetetes
592 971 761 1029 conterere
793 964 975 1028 videamus.
1022 965 1120 1028 XXI.
1156 963 1225 1046 (58)
1248 962 1336 1045 Ergo
1364 961 1409 1021 hoc

275 1067 407 1150 quidem
431 1071 577 1151 apparet,
601 1088 661 1130 nos
685 1066 726 1129 ad
748 1066 915 1150 agendum
937 1085 1009 1130 esse
1032 1070 1140 1130 natos.

307 1168 541 1286 &tintinnum
572 1175 684 1232 entem
715 1189 837 1251 genera
867 1168 978 1252 plura,
1011 1175 1050 1232 ut
1082 1168 1302 1232 obscurentur
1332 1162 1408 1226 etiam

274 1294 400 1336 minora
423 1271 616 1350 maioribus,
649 1271 810 1336 maximae
843 1277 955 1334 sutem
986 1278 1064 1334 sunt
1096 1270 1256 1355 primum,
1289 1271 1324 1332 ut
1349 1262 1407 1328 mihi

275 1374 406 1459 quidem
438 1373 569 1440 videtur
601 1382 636 1438 et
666 1373 721 1453 iis,
756 1378 894 1459 quorum
917 1375 1012 1458 Jnunc
1041 1373 1076 1438 in
1102 1375 1233 1438 ratione
1255 1389 1404 1441 versamur,

275 1477 494 1544 consideratio
518 1477 730 1561 cognitioque
745 1500 855 1542 rerum
871 1478 1065 1542 caelestium
1087 1485 1124 1544 et
1147 1499 1260 1542 earum
1270 1523 1279 1554 ,
1312 1491 1403 1557 quase

274 1585 391 1644 natura
415 1581 600 1645 occultatas
623 1586 658 1643 et
679 1581 823 1644 latentes
852 1580 1008 1664 indagare
1039 1579 1124 1644 ratio
1153 1585 1283 1665 potest,
1315 1571 1403 1638 deinde

274 1683 612 1766 rerumpublicarum
644 1683 885 1747 administratio
913 1690 972 1748 aut
1000 1682 1254 1747 administrandi
1283 1674 1401 1748 scientis,

273 1792 346 1853 tum
368 1785 531 1870 prudens,
555 1790 756 1869 temperata,
781 1785 893 1864 fortis,
917 1785 1005 1849 iusta
1027 1784 1111 1849 ratio
1133 1785 1342 1868 reliquaeque
1359 1775 1401 1839 vir·

273 1895 364 1953 tutes
388 1893 423 1951 et
451 1888 600 1954 actiones
631 1887 812 1952 virtutibus
844 1894 1084 1971 congruentes,
1119 1909 1204 1970 quse
1236 1907 1302 1950 uno
1328 1877 1397 1944 verbo

275 1990 439 2075 complexi
462 1989 570 2054 omnia
593 1991 734 2054 honeste
757 1990 913 2054 dicimus:
938 1990 980 2054 ad
1002 2012 1141 2072 quorum
1158 1996 1194 2053 et
1210 1984 1396 2071 cognitionem

275 2101 309 2158 et
340 2116 436 2157 usum
468 2093 532 2157 iam
565 2093 769 2158 corroborati
791 2100 909 2156 natura
930 2091 1002 2176 ipsa
1024 2100 1206 2176 praeeunte
1229 2087 1399 2155 deducimu-

275 2197 431 2260 Omnium
461 2195 549 2260 enim
579 2217 688 2260 rerum
719 2195 879 2279 principia
910 2217 1011 2279 parvo
1042 2201 1135 2274 sunt,
1170 2195 1231 2258 sed
1263 2191 1326 2256 suis
1351 2201 1403 2269 pr0·

275 2299 499 2384 gressionibus
522 2321 582 2362 usa
603 2306 783 2382 augentur,
816 2319 876 2362 nec
900 2297 969 2362 sine
1002 2319 1116 2362 causo:
1150 2297 1187 2362 in
1215 2297 1318 2381 primo
1342 2283 1405 2352 enim

276 2409 351 2466 ortu
373 2402 460 2466 inest
482 2401 641 2467 teneritas
665 2423 702 2466 ac
724 2401 866 2465 mollitia
889 2400 1065 2485 quaedam,
1098 2407 1136 2464 ut
1165 2423 1228 2465 nec
1250 2420 1300 2463 ros
1321 2389 1405 2456 videre

276 2506 416 2589 optimas
439 2525 499 2568 neo
522 2525 619 2588 agere
642 2504 782 2587 possint.
828 2503 973 2567 Virtutis
1006 2503 1093 2568 enim
1125 2504 1309 2586 beataeque
1330 2493 1405 2562 vine,

276 2629 358 2690 quae
391 2607 455 2670 duo
487 2607 628 2670 maxime
661 2606 846 2692 expetenda
877 2615 973 2686 sunt,
1005 2605 1108 2670 serius
1141 2607 1256 2672 lumen
1286 2595 1407 2685 apparel,

275 2710 381 2774 multo
420 2707 519 2773 etiam
557 2708 680 2786 serius,
719 2716 757 2772 ut
793 2709 891 2791 plane
930 2707 1040 2793 qualia
1077 2708 1144 2772 sint
1183 2704 1408 2788 intellegentur·

215 2889 217 2894 '
276 2880 414 2951 btngigen
432 2879 496 2933 Sata
514 2879 585 2933 nach
602 2881 712 2933 tantum
731 2879 808 2933 ebest
825 2882 857 2933 ut
875 2897 897 2932 s.
914 2899 949 2932 au
966 2880 996 2934 II
1010 2883 1049 2942 17,
1063 2884 1105 2935 54.
1140 2879 1232 2934 nihil
1250 2874 1409 2931 abiectum,

275 2949 367 3003 nibil
384 2947 524 3002 humilez
544 2952 612 3002 orat.
631 2951 673 3011 57,
693 2952 741 3001 192
759 2966 793 3002 ne
812 2967 845 3002 ue
862 2947 993 3002 humilem
1011 2967 1060 3003 nec
1078 2947 1214 3003 abiectam
1232 2944 1374 3000 orationem
1388 2958 1410 2970 ‘

275 3018 382 3142 probat.
418 3018 480 3072 Tac.
500 3016 562 3070 dial.
581 3021 614 3070 36
633 3016 701 3072 nibil
719 2965 821 3071 humiie
838 3017 880 3072 vel
897 3017 1034 3072 abiectum
1053 3017 1141 3088 eloqui
1158 3017 1275 3087 poterat
1330 3009 1362 3062 in
1376 3017 1411 3056 re·

236 3147 239 3152 ,
299 3105 337 3141 us
355 3085 561 3156 quaerendis
579 3085 794 3157 explicandis
824 3103 865 3140 ue
882 3087 1021 3140 naturis
1039 3091 1090 3141 etc.
1108 3087 1181 3141 ‘dass
1194 3085 1243 3140 wir
1255 3083 1293 3136 sie
1310 3079 1354 3132 der
1364 3073 1411 3126 ΕΘΓ·

275 3156 380 3224 sohung
398 3155 454 3208 und
473 3154 590 3209 Erkliiru
645 3154 693 3209 der
710 3103 900 3210 wesenidichen
918 3154 1130 3226 Eigensohafteu
1149 3155 1199 3209 der
1216 3152 1304 3220 Dinge
1321 3147 1362 3200 ihr
1376 3139 1411 3193 ne-

276 3225 328 3280 ben
345 3222 461 3279 widinen
479 3224 577 3288 seben,
624 3223 725 3294 igelsb.
745 3228 786 3288 19,
805 3227 830 3277 2.

344 3308 491 3432 Τιιὲθιιάθη
510 3309 570 3363 sind
588 3308 781 3379 Hendlungeu,
799 3308 858 3362 ihre
869 3308 997 3378 Anfa'nge
1014 3309 1043 3363 iu
1061 3327 1113 3362 uus
1129 3308 1193 3362 sind
1211 3304 1283 3360 klein
1300 3297 1353 3354 und
1370 3292 1412 3344 def·

399 3397 442 3432 ess
461 3395 488 3432 cs
506 3395 604 3432 unsere
621 3376 747 3446 Aufgabe
764 3378 809 3440 ist,
828 3377 867 3430 sie
883 3378 975 3432 weiter
992 3397 1026 3432 nu
1044 3377 1211 3432 entwickeln.
1247 3373 1321 3440 (cip.
1338 3363 1388 3426 21.)

345 3446 395 3501 58.
413 3447 515 3518 Ergo:
534 3446 598 3500 Piso
617 3445 742 3500 schlissst
759 3444 803 3500 die
820 3445 1056 3516 Beweisfiihruug,
1075 3445 1118 3502 die
1136 3465 1164 3500 er
1176 3465 1198 3501 c.
1210 3447 1252 3507 20,
1264 3444 1296 3495 55
1314 3436 1413 3502 begam,

277 3515 311 3570 ab
329 3513 386 3570 und
404 3515 470 3585 geht
488 3516 540 3570 mit
558 3515 619 3568 dem
637 3515 791 3586 folgendem
809 3517 899 3568 autem
919 3535 953 3570 zu
971 3518 1054 3570 etwas
1071 3514 1179 3570 Nouem
1195 3513 1270 3568 iiber.
1303 3575 1309 3586 ,
1348 3513 1413 3570 (1¹¹0'

275 3603 347 3639 rum
365 3601 454 3638 nunc
471 3584 507 3638 in
524 3583 659 3638 ratione
675 3601 851 3638 versemur
870 3583 930 3638 ‘mit
948 3583 1028 3639 deren
1041 3583 1149 3654 System
1166 3582 1216 3638 wir
1232 3597 1283 3635 uns
1297 3574 1365 3644 jetat
1380 3565 1412 3644 br

275 3653 447 3722 scheitigen’.
499 3657 568 3706 tum
585 3651 750 3723 prudens,
769 3655 835 3706 tem
866 3657 974 3716 erate,
991 3653 1112 3716 fortis,
1130 3652 1225 3706 iusta
1242 3644 1340 3703 ratio.
1357 3635 1414 3690 Hlflr

275 3721 352 3775 dient
368 3721 439 3775 ratio
457 3722 535 3776 nicht
552 3721 610 3776 bles
628 3739 677 3775 zur
694 3671 893 3775 Umsohreiiun
931 3721 978 3774 der
995 3717 1294 3788 soardmaleugenden,
1313 3703 1413 3780 ”fideii

277 3789 432 3844 bezeichnet
450 3790 520 3845 euch
537 3790 581 3845 ein
598 3789 726 3844 Handeln
743 3790 801 3844 und
818 3739 969 3844 Verfaiuen
986 3790 1057 3844 nach
1074 3789 1167 3844 diesen
1184 3783 1335 3862 Tugendw·
1360 3769 1411 3853 ,Μ’

276 3857 359 3928 gelsb.
378 3862 419 3920 63,
437 3863 463 3911 4.
550 3877 616 3913 uno
634 3858 734 3912 verbo
753 3857 960 3928 complexis.
978 3877 1012 3912 zu
1029 3859 1074 3914 III
1092 3861 1115 3924 5,
1136 3861 1175 3912 17.
1269 3868 1301 3904 1n
1318 3850 1411 3916 ΡῙἯῙιο

276 3925 365 3981 enim
383 3929 460 3980 ortu
486 3927 568 3982 niiml.
584 3927 737 3990 hominum,
755 3927 827 3980 donn
845 3927 909 3981 Piso
934 3927 1002 4007 geht
1027 3945 1081 3981 von
1107 3927 1159 3982 den
1184 3924 1289 3990 Diagon
1314 3932 1346 3968 nu
1370 3905 1412 3958 ‘³⁸¹³

277 3994 424 4050 Menscben
440 3994 515 4059 iiber,
533 3995 576 4050 dio
591 3995 654 4064 jene
673 3995 797 4050 Zertheit
814 3995 871 4049 und
889 3994 1096 4050 Werchliohkeit
1113 3995 1238 4055 besitzom
1257 3985 1335 4042 daher
1352 3969 1410 4030 auch

276 4064 395 4119 nechher
412 4066 445 4118 ut
463 4093 494 4102 -
514 4093 515 4096 ¹
532 4064 627 4119 ossint.
714 4064 820 4119 multo
839 4064 942 4120 etiam
960 4068 1072 4120 serius
1090 4065 1170 4120 nirml.
1187 4063 1226 4125 fit,
1243 4073 1296 4112 was
1313 4063 1358 4128 aus
1375 4056 1410 4118 “i''

279 4137 357 4215 paret
374 4151 408 4188 nu
426 4083 588 4188 eutnelimen
605 4132 651 4188 ist.
703 4131 959 4204 intellegantur
975 4132 1022 4188 fiir
1039 4134 1219 4204 intellegetur,
1236 4126 1292 4180 eine
1307 4119 1348 4172 ber
1364 4110 1409 4185 ΟΨ·

277 4202 355 4256 moht
373 4202 474 4258 seltene
490 4203 572 4256 Form
590 4202 637 4257 der
653 4202 818 4258 Attraction.
855 4201 887 4256 de
905 4206 961 4256 net.
980 4202 1051 4256 deor.
1069 4203 1157 4264 1144,
1178 4202 1224 4252 115
1241 4211 1274 4248 an
1290 4201 1348 4241 vero
1364 4177 1407 4230 ehe

277 4289 346 4341 quae
363 4276 470 4338 natura,
488 4271 587 4326 montis
605 4271 764 4326 strationis
783 4289 882 4342 expers,
899 4271 1180 4342 haecefficerepotuit‚
1199 4265 1370 4336 quaenonmo
1388 4260 1407 4302 0»
