2942 4950
134 269 137 278 ’
220 323 282 386 180
454 317 505 372 nn
523 314 674 370 nmmos
692 311 877 368 sonorum
895 311 942 366 ur
961 309 1149 364 munorum

4 453 35 574 ,i
97 463 110 548 ι
217 491 337 575 Itaque
361 489 401 554 ab
425 487 464 552 iis
489 484 683 550 constitutio
706 483 766 548 illa
787 481 893 568 prima
914 488 1073 560 naturae,
1106 503 1212 564 aqua
1233 484 1271 542 tu
1293 500 1375 561 quo·
1439 488 1443 499 '

219 615 281 678 que
306 591 489 669 ordiebare,
513 589 564 654 his
588 609 689 674 prope
712 584 822 651 verbis
846 584 1033 669 exponitur.
1094 583 1175 648 VH.
1209 581 1272 666 (lt)
1295 581 1377 644 Om-

220 697 272 762 nis
295 701 413 759 natura
434 693 509 756 vult
532 712 603 755 esre
627 687 853 754 conservatrix
876 688 949 762 sui,
981 693 1019 750 ut
1048 693 1083 750 et
1105 686 1197 750 salva
1220 684 1263 748 sit
1286 691 1320 747 et
1341 684 1377 747 in

219 819 339 884 genere
363 800 575 862 conservetur
598 816 669 858 suc.
716 791 772 856 Ad
793 792 880 855 hanc
902 812 972 854 rem
1003 788 1097 855 aiunt
1128 792 1215 853 artes
1248 807 1378 872 quoque

218 901 405 985 requisitas,
431 920 514 983 quae
536 901 687 962 naturam
711 895 915 973 adiuvarent,
939 894 974 958 in
997 893 1115 978 quibus
1135 915 1172 957 ea
1187 897 1379 956 numeretur

219 1002 406 1088 inprimis,
446 1022 529 1086 quae
553 1007 605 1064 est
627 997 761 1065 vivendi
783 1019 855 1076 ars,
889 1003 929 1060 ut
950 1003 1086 1062 tueatur
1109 995 1198 1080 quod
1220 1018 1239 1060 a
1261 998 1381 1058 natura

220 1106 334 1172 datum
358 1105 414 1183 eit,
440 1103 529 1189 quod
552 1101 639 1166 desit
662 1099 822 1185 acquirat,
847 1099 1012 1184 iidemque
1028 1099 1213 1165 diviserunt
1227 1104 1382 1163 naturam

220 1207 363 1274 hominis
387 1206 420 1271 in
453 1205 600 1272 animum
632 1211 667 1268 et
699 1225 828 1288 corpus.
876 1203 1025 1288 Cumque
1058 1224 1172 1267 eorum
1203 1208 1382 1283 utrumque

220 1333 279 1396 per
302 1331 337 1373 se
360 1309 585 1393 expetendum
608 1329 681 1372 esse
705 1306 878 1386 dixissent,
904 1305 1046 1371 virtutes
1064 1325 1192 1390 quoque
1208 1303 1382 1387 utriusque

221 1435 334 1477 eorum
357 1433 416 1496 per
438 1431 473 1475 se
498 1411 702 1496 expetendas
725 1431 797 1474 esse
820 1409 991 1489 dicebant,
1016 1421 1139 1473 etcum
1164 1408 1311 1473 animum
1333 1405 1383 1469 in·
1467 1485 1468 1492 ἵ

220 1516 316 1580 linita
338 1515 479 1600 quadarn
502 1514 601 1579 laude
625 1519 867 1599 anteponerent
899 1513 1044 1598 corpori,
1077 1513 1218 1578 virtutes
1251 1531 1382 1596 quoque
1467 1501 1468 1504 ¹

220 1618 321 1683 animi
344 1617 439 1682 bonis
464 1617 609 1702 corporis
633 1617 893 1700 anteponebant.
918 1615 979 1700 (17)
1004 1616 1070 1680 Sed
1087 1637 1162 1680 cum
1184 1614 1381 1699 sapientiam

220 1721 326 1786 totius
349 1719 491 1785 hominis
516 1720 690 1784 custodem
713 1728 748 1783 et
771 1719 1028 1804 procuratricem
1046 1741 1119 1783 esse
1135 1719 1272 1797 vellent,
1299 1738 1381 1802 quae

5 1891 9 1900 .
136 1859 137 1862 ι
221 1829 310 1887 esset
332 1828 470 1888 naturae
494 1843 604 1886 comes
627 1829 662 1886 et
685 1821 850 1899 adiutrix,
875 1823 938 1884 hoc
962 1820 1143 1906 sapientiae
1167 1843 1285 1885 munus
1308 1839 1382 1883 esse
1468 1895 1469 1912 χ

222 1925 389 2004 dicebant,
414 1931 463 2004 ut,
488 1948 556 1988 cum
579 1945 654 1989 eum
676 1929 846 2002 tueretur,
881 1923 937 2007 qui
961 1929 1130 1988 constaret
1152 1945 1193 1988 ex
1216 1923 1324 1988 animo
1347 1927 1382 1986 et

223 2050 377 2116 corpore,
409 2027 444 2092 in
477 2033 617 2113 utroque
640 2026 769 2093 iuvaret
792 2048 868 2090 eum
891 2048 929 2091 ac
954 2025 1152 2091 contineret.
1200 2029 1309 2109 Atque
1330 2024 1379 2087 ita

221 2155 256 2198 re
279 2133 476 2218 simpliciter
491 2133 597 2218 primo
615 2132 790 2211 collocata,
815 2131 942 2215 reliqua
958 2130 1115 2196 subtilius
1134 2133 1382 2216 persequentes,

222 2235 366 2320 corporis
390 2236 477 2300 bona
500 2234 634 2300 facilem
659 2233 823 2319 quandam
847 2233 1009 2298 rationem
1032 2233 1155 2298 habere
1179 2234 1383 2298 censebant:
1469 2237 1470 2294 l

222 2339 263 2403 de
286 2338 387 2403 animi
409 2338 505 2403 bonis
529 2338 715 2404 accuratius
739 2337 957 2421 exquirebant
985 2335 1019 2400 in
1041 2334 1219 2421 primisque
1241 2335 1387 2421 reperie-

222 2444 305 2507 bant
328 2463 400 2506 esse
423 2442 457 2506 in
479 2442 519 2506 iis
543 2443 691 2507 iustitiae
715 2441 859 2521 semina,
884 2441 1046 2526 primique
1070 2462 1111 2504 ex
1134 2439 1286 2506 omnibus
1311 2441 1387 2525 phi-

223 2545 372 2629 losophis
395 2552 513 2611 natura
534 2546 700 2611 tributum
722 2567 794 2610 esse
818 2544 1013 2622 docuerunt,
1038 2551 1075 2608 ut
1091 2544 1125 2624 ii,
1150 2543 1206 2628 qui
1220 2546 1390 2630 procreati

224 2654 355 2726 essent,
388 2671 408 2712 a
430 2648 697 2733 procreatoribus
721 2655 911 2712 amarentur
933 2653 986 2727 et,
1019 2647 1053 2710 id
1087 2647 1176 2731 quod
1198 2653 1389 2731 temporum

224 2749 338 2814 ordine
361 2750 530 2835 antiquius
553 2757 616 2829 est,
640 2757 680 2813 ut
702 2749 857 2836 coniugia
879 2749 1024 2815 virorum
1048 2757 1081 2814 et
1105 2771 1244 2814 uxorum
1267 2756 1390 2816 natura

224 2853 400 2918 coniuncta
423 2875 495 2918 esse
520 2854 686 2934 dicerent,
721 2877 785 2938 qua
818 2877 860 2920 ex
890 2853 993 2938 stirpe
1026 2854 1189 2919 orirentur
1220 2853 1389 2919 amicitiae

224 2955 472 3040 cognationum.
518 2960 631 3040 Atque
655 2956 696 3021 ab
719 2956 772 3021 his
795 2955 898 3023 initiis
929 2957 1073 3040 profecti
1104 2956 1250 3022 omnium
1281 2957 1389 3022 virtu-

223 3068 297 3122 tum
319 3064 353 3122 et
376 3059 537 3144 originem
561 3066 595 3123 et
618 3058 882 3144 progressionem
906 3059 1073 3144 persecuti
1101 3063 1190 3124 sunt.
1236 3059 1289 3122 Ex
1321 3083 1389 3143 qno

222 3218 392 3305 stlffflfffstl
410 3215 536 3286 κινήσεις
554 3220 602 3269 καὶ
621 3217 753 3286 σχέσεις·
785 3214 823 3279 ὡς
842 3214 865 3270 δ’
886 3210 925 3271 ὦν
945 3214 997 3271 οὐκ
1017 3214 1095 3280 ἄνευ,
1115 3216 1150 3269 τὰ
1170 3217 1319 3288 σωματικὰ
1339 3222 1390 3271 καὶ

222 3305 259 3434 wi
278 3305 475 3434 sppqngnis
493 3355 621 3407 natura
639 3355 689 3406 etc.
707 3350 804 3432 Jedem
820 3351 919 3432 Wesen
936 3351 1044 3407 kommt
1061 3351 1108 3406 der
1126 3351 1388 3422 Selbsterhaltungs·

224 3421 294 3476 tneb
313 3420 353 3475 als
370 3425 538 3476 immanente
554 3420 612 3475 und
629 3420 800 3475 wesentlrche
811 3419 990 3492 Idigenschaft
1008 3439 1051 3476 zu.
1086 3421 1155 3476 Vult
1172 3439 1230 3476 esse
1247 3437 1388 3476 conserva·

224 3490 279 3544 trix
297 3490 340 3544 sui
358 3493 422 3561 sagt
439 3491 496 3544 also
514 3489 591 3544 mehr
609 3489 649 3542 als
668 3507 696 3544 se
712 3507 871 3545 conservare
887 3490 954 3544 vult.
1025 3493 1224 3546 numeretur
1242 3494 1275 3544 st.
1294 3508 1387 3544 nume

223 3561 337 3613 raretur.
373 3559 400 3612 S.
419 3577 453 3613 zu
470 3559 515 3612 ΠΙ
535 3563 575 3620 12,
594 3562 625 3611 41
646 3558 802 3629 appelletur.
884 3558 1080 3614 diviserunt
1098 3562 1260 3613 naturam
1278 3558 1386 3613 homi-

224 3627 277 3682 nis
295 3631 345 3682 etc.
364 3628 413 3683 wir
430 3627 581 3697 sagen‘sis
598 3627 806 3682 unterschisden
824 3627 862 3682 im
880 3627 1028 3682 Menschen
1045 3627 1114 3683 Leib
1132 3626 1190 3682 und
1208 3625 1297 3683 Seele'.

293 3696 338 3752 17.
366 3714 440 3751 cum
458 3715 529 3750 eum
547 3699 713 3751 tueretur.
731 3697 788 3750 Das
806 3696 837 3749 in
854 3695 906 3750 den
923 3695 1042 3751 Hdschr.
1060 3715 1109 3752 vor
1126 3716 1188 3752 eum
1205 3695 1388 3768 ausgelallene

224 3783 286 3818 cum
303 3765 342 3818 ist
358 3783 413 3820 von
424 3765 539 3836 Madvig
550 3765 653 3835 richtig
663 3764 846 3836 hinzngeliigt
858 3765 973 3820 worden.
1014 3783 1088 3820 esse
1105 3767 1141 3821 iu
1159 3766 1203 3821 iis
1220 3765 1387 3822 iustitiae

225 3833 361 3888 semina.
397 3833 452 3888 Cic.
471 3835 571 3889 driiclrt
588 3834 647 3889 sich
665 3834 744 3889 nicht
780 3852 850 3888 enan
867 3851 925 3888 aus.
959 3836 1040 3890 Denn
1057 3835 1101 3889 die
1118 3835 1216 3892 Keime
1234 3834 1297 3890 sind
1314 3835 1385 3889 noch

223 3901 302 3981 lreine
320 3901 422 3966 (iliter,
447 3901 564 3958 sondern
582 3907 638 3958 eret
655 3921 733 3958 wenn
770 3905 795 3957 ie
812 3901 961 3972 'lugendsn
978 3922 1028 3960 aus
1045 3904 1129 3960 ihnen
1146 3906 1312 3976 hervorgega
1352 3921 1385 3958 en

224 3968 295 4032 srnd,
314 3971 376 4025 sind
394 3971 438 4024 die
455 3970 544 4027 Gliter
560 3971 603 4026 da.
638 3971 789 4042 Richtiger,
808 3975 872 4044 sagt
889 3971 1020 4045 Madvig,
1037 3972 1117 4028 h‘atte
1134 3973 1189 4028 Cic.
1208 3921 1385 4045 gessur-iiior

224 4057 281 4094 ease
298 4039 328 4094 in
345 4059 378 4096 eo
397 4039 510 4107 (animo)
529 4040 652 4096 iustitias
669 4043 781 4095 semina.
867 4041 1033 4114 coniugia
1054 4074 1083 4084 -
1102 4043 1284 4098 coniuncta
1302 4059 1383 4098 esse.

224 4108 275 4163 Die
293 4109 381 4179 figura
400 4109 580 4180 etymologica
608 4109 723 4166 bewirlrt
749 4109 809 4166 eine
836 4110 970 4165 intensive
988 4111 1151 4183 Stsigerung
1177 4112 1223 4166 des
1242 4111 1384 4167 Verbalbe

224 4177 310 4246 griffs.
345 4177 810 4250 AndereBsispielebeingelsb.
831 4183 931 4244 105,1.
968 4181 1044 4236 Statt
1062 4181 1206 4236 coniuncta
1232 4198 1290 4234 esse
1316 4180 1384 4236 dice

223 4249 285 4300 rent
302 4246 382 4303 hatte
399 4246 484 4302 echon
502 4249 731 4318 coniungerentur
749 4248 906 4316 (inirentur)
924 4253 1036 4321 geniigt.
1095 4251 1245 4304 virorum
1263 4270 1284 4304 s.
1303 4269 1338 4304 zu
1355 4252 1385 4305 Π

226 4319 266 4380 18,
285 4320 326 4370 58.
396 4319 572 4387 persecuti
589 4320 670 4372 sunt
688 4337 709 4372 s.
727 4336 760 4372 zu
779 4319 824 4373 ΙΙΙ
843 4323 883 4382 19,
902 4322 943 4372 62.
