3020 4948
423 327 484 382 nn.
502 329 540 382 II.
576 327 640 383 Car.
660 329 799 384 VI-VII.
837 331 866 394 §5
888 333 996 384 17-20.
1240 333 1281 396 59

99 500 139 563 id
164 504 233 577 est,
260 521 326 582 qna
349 521 465 563 sensus
490 497 631 564 dulciter
655 521 692 564 ac
716 499 857 564 iucunde
881 505 1042 579 movetur,
1068 523 1165 584 quam
1183 501 1282 565 etiam

104 603 279 688 pecudes,
308 603 336 666 si
362 591 454 687 lodui
481 609 634 688 possent,
663 605 870 688 appellarent
897 605 1120 688 voluptatem,
1151 613 1223 684 aut,
1254 605 1282 668 si

112 706 220 792 magis
245 707 395 791 placeret
418 730 477 771 suo
501 729 591 771 more
614 707 707 791 loqui
731 731 830 790 quam
852 715 890 771 ut

335 809 480 873 Omnes
503 809 630 873 Danai
652 817 771 893 atque
795 810 1073 894 Mycenenses,

333 912 477 976 Attica
500 912 645 996 pubes,
670 949 712 962 ·-

112 1015 300 1100 reliquique
318 1015 446 1093 Graeci,
473 1015 528 1099 qui
542 1018 607 1079 hoc
624 1023 802 1100 anapaesto
823 1015 979 1094 citantur,
1004 1018 1067 1080 hoc
1083 1038 1150 1079 non
1168 1016 1281 1080 dolere

114 1119 223 1181 solum
246 1117 431 1202 voluptatis
454 1117 588 1181 nomine
617 1117 816 1201 appellaret,
845 1118 929 1182 illud
952 1117 1180 1203 Aristippeum
1203 1139 1280 1182 con·

109 1227 293 1298 temneret,
318 1228 387 1299 aut,
412 1221 441 1284 si
460 1225 636 1304 utrumque
660 1220 827 1304 probaret,
851 1228 890 1284 ut
909 1222 1040 1304 probat,
1066 1221 1281 1304 coniungeret

107 1323 239 1388 doloris
262 1324 466 1388 vacuitatem
490 1343 564 1387 eum
587 1323 759 1407 voluptate
781 1330 815 1388 et
830 1323 959 1387 duobus
976 1323 1103 1387 ultimis
1118 1331 1278 1389 uteretur.

108 1425 171 1510 (le)
195 1426 302 1490 Multi
331 1426 417 1489 enim
448 1433 481 1490 et
508 1425 622 1510 magni
648 1424 839 1510 philosophi
867 1427 949 1490 haec
978 1426 1281 1491 ultimabonorum

108 1528 228 1592 iuncta
250 1526 415 1606 fecerunt,
440 1535 479 1589 ut
498 1526 701 1591 Aristoteles
724 1526 856 1591 virtutis
879 1549 976 1590 usum
1000 1549 1074 1590 cum
1097 1527 1185 1592 vitae
1208 1550 1280 1611 per-

113 1633 227 1694 fectae
240 1629 462 1715 prosperitate
479 1630 661 1707 coniunxit,
681 1629 834 1713 Callipho
851 1630 1002 1693 adiunxit
1018 1630 1280 1694 adhonestatem

119 1734 337 1817 voluptatem,
362 1732 529 1796 Diodorus
553 1733 594 1796 ad
618 1733 757 1796 eandem
780 1735 991 1798 honestatem
1019 1732 1147 1797 addidit
1169 1731 1281 1797 vacui-

121 1840 229 1900 tatem
251 1837 382 1900 deloris.
428 1836 524 1900 Idem
546 1835 682 1900 fecisset
705 1837 877 1920 Epicurus
907 1836 935 1899 si
958 1837 1159 1900 sententiam
1182 1840 1280 1917 hane,

12 1944 18 1955 '
115 1961 202 2022 quae
224 1947 311 2004 hunc
334 1939 530 2024 Hieronymi
553 1944 615 2018 est,
641 1939 866 2003 coniunxisset
890 1961 964 2002 cum
983 1939 1147 2024 Aristippi
1169 1948 1281 2004 vetere

113 2043 293 2107 sententia.
340 2042 399 2106 Illi
422 2042 508 2106 enim
531 2042 619 2107 inter
643 2064 677 2106 se
701 2042 904 2106 dissentiunt
910 2067 919 2118 ;
943 2048 1118 2126 propterea
1141 2041 1281 2126 singulis

115 2145 236 2210 linibus
263 2151 407 2209 utuntur
435 2151 484 2222 et,
515 2167 589 2209 cum
617 2151 757 2227 uterque
785 2145 911 2208 Graece
944 2143 1077 2228 egregie
1111 2145 1280 2227 loquatur,

115 2271 175 2312 nec
196 2248 409 2333 Aristippus,
443 2248 499 2331 qui
530 2249 737 2332 voluptatem
769 2269 933 2312 summum
964 2249 1088 2312 bonum
1116 2247 1198 2311 dicit
1204 2297 1214 2326 ,
1247 2248 1282 2311 in

114 2351 291 2435 voluptate
315 2350 410 2434 ponit
432 2373 498 2415 non
515 2351 638 2430 dolere,
662 2371 769 2434 neque
785 2349 1019 2435 Hieronymus,
1046 2350 1102 2434 qui
1117 2372 1280 2414 summum

116 2457 242 2519 bonum
267 2454 387 2518 statuit
410 2477 477 2518 non
500 2454 624 2533 dolere,
649 2453 833 2538 voluptatis
855 2454 987 2519 nomine
1011 2476 1155 2538 unquam
1179 2453 1283 2517 utitur
1315 2529 1318 2540 .

118 2582 173 2644 pro
191 2558 255 2622 illa
277 2557 470 2636 indolentia,
495 2557 614 2643 quippe
638 2557 695 2641 qui
709 2579 750 2621 ne
766 2558 801 2621 in
817 2557 1011 2641 expetendis
1035 2556 1168 2641 quidem
1183 2558 1282 2620 rebus

115 2665 272 2726 numeret
293 2660 512 2758 voluptatem.
545 2661 625 2725 VII.
651 2658 718 2743 (20)
741 2661 834 2724 Duae
858 2668 936 2724 sunt
960 2659 1047 2724 enim
1067 2683 1119 2725 res
1140 2681 1281 2744 quoque,

115 2787 156 2830 ne
179 2772 221 2828 tu
243 2763 345 2827 verba
368 2764 477 2826 solum
492 2771 604 2847 putes:
630 2785 732 2826 unum
748 2769 801 2826 est
817 2762 887 2827 sine
903 2763 1017 2828 dolore
1034 2785 1117 2842 esse,
1142 2764 1282 2826 alterum

117 2889 194 2933 cum
217 2868 404 2950 voluptate.
438 2867 507 2929 Vos
532 2888 573 2930 ex
594 2867 646 2931 his
669 2872 739 2930 tam
755 2865 972 2930 dissimilibus
988 2867 1086 2930 rebus
1101 2889 1168 2932 non
1184 2866 1283 2930 modo

116 2993 241 3036 nomen
262 2989 381 3046 unum,
405 2991 483 3032 nam
505 2968 539 3032 id
562 2969 692 3034 facilius
714 2977 861 3054 paterer,
887 2969 945 3033 sed
969 2969 1070 3034 etiam
1091 2991 1161 3033 rem
1182 2991 1284 3034 unam

118 3179 156 3214 zu
173 3160 190 3213 I
208 3162 231 3222 i,
249 3162 290 3211 23.
361 3157 481 3212 Omnes
501 3157 613 3212 Danai
631 3161 680 3213 etc.
715 3157 777 3210 Ana
797 3157 916 3211 'astische
933 3158 1017 3211 Verse
1035 3157 1108 3210 eines
1125 3156 1281 3212 unbekann-

120 3233 172 3281 ten
189 3227 321 3292 Dichters‚
340 3246 394 3282 von
412 3226 498 3281 denen
516 3225 563 3279 der
580 3225 672 3280 zweite
691 3176 896 3294 unvolfsittndig
914 3225 960 3278 ist.
978 3225 1101 3280 Ribbeck
1119 3231 1190 3295 trag.
1203 3226 1283 3279 Rom.

121 3296 224 3365 fragm.
241 3313 265 3366 p.
282 3302 343 3351 239.
415 3296 477 3350 hoc
495 3314 558 3349 ana
589 3299 693 3349 aesto.
718 3296 904 3364 Anapaestum
924 3295 965 3358 (τὸ
986 3293 1179 3357 ἀνάπαιστον)
1198 3297 1284 3347 nennt

121 3365 181 3420 Cic.
202 3364 243 3418 ein
260 3384 307 3420 aus
326 3365 536 3427 anapestisehen
579 3381 656 3418 ersen
673 3361 849 3418 bestehendes
867 3360 992 3416 Gedicht.
1028 3362 1108 3416 Tusc.
1127 3363 1231 3424 11124,
1251 3365 1283 3415 57

120 3432 192 3490 illud
209 3434 393 3504 potentissimi
411 3435 484 3504 regis
503 3437 690 3504 anapaestum.
761 3433 920 3487 citantur
937 3431 1014 3484 nieht
1033 3431 1173 3494 ‘erwtthnt
1192 3431 1283 3501 aufge·

120 3503 219 3565 fuhrt’,
239 3503 356 3558 sondern
374 3503 543 3574 ‘aufgerufen
560 3502 682 3557 werden'.

191 3570 240 3695 Ε.
276 3572 437 3695 Callipho
456 3571 524 3627 wird
541 3590 595 3625 von
612 3571 668 3626 Cic.
693 3570 774 3624 meist
797 3570 826 3624 in
851 3567 1010 3623 Verbindun
1053 3568 1105 3623 mit
1129 3567 1285 3624 Dinarchus

120 3645 192 3696 erwt
232 3645 252 3696 t.
289 3642 352 3696 Von

121 3711 403 3765 temcumhonestate
417 3708 573 3764 Dinarchus
590 3713 617 3763 et
632 3708 756 3778 Callipho
771 3707 916 3778 copulavit.
935 3707 968 3761 de
986 3707 1029 3761 off.
1048 3707 1092 3760 ΠΙ
1110 3711 1211 3769 33,119
1231 3725 1283 3777 quo

121 3781 212 3851 magis
230 3778 464 3850 reprehendendos
483 3777 684 3854 Calliphontem
702 3780 730 3831 et
738 3776 940 3830 Dinomachum
958 3775 1058 3838 iudico,
1077 3776 1124 3845 qui
1143 3795 1170 3830 se
1188 3776 1283 3830 direm-

121 3853 218 3920 pturos
237 3849 450 3903 controversiam
467 3851 647 3918 putaverunt,
672 3846 697 3900 si
714 3863 777 3899 cum
794 3845 938 3901 honestate
956 3845 1124 3916 voluptatem
1142 3849 1284 3914 tamquam

124 3927 186 3972 cum
204 3917 315 3973 homine
332 3916 463 3989 pecudem
481 3916 688 3987 copulavissent.
725 3913 808 3968 Clem.
825 3915 899 3968 Alex.
919 3919 1012 3968 strom.
1032 3915 1062 3968 II
1081 3918 1130 3968 178
1156 3916 1226 3968 κατὰ
1252 3915 1283 3968 δὲ

122 3991 190 4052 τοὺς
208 3993 275 4060 περὶ
292 3989 490 4057 Καλλιφῶντα
519 3987 603 4040 ἕνεκα
631 3988 684 4058 μὲν
711 3991 759 4052 τῆς
786 3983 892 4054 ἡδονῆς
918 3987 1114 4058 παρειςῆλθεν
1142 3984 1156 4054 ἡ
1187 3983 1282 4057 ἀρετή,

118 4058 217 4132 χρόνῳ
238 4059 270 4112 δὲ
288 4056 429 4131 ὕστερον,
458 4056 489 4109 τὸ
510 4060 576 4128 περὶ
596 4054 684 4125 αὐτὴν
703 4053 806 4116 κάλλος
824 4053 991 4117 κατιδοῦσα,
1021 4051 1152 4125 ἰσότιμον
1181 4053 1284 4132 ἑαυτὴν

122 4133 155 4196 τῆ
175 4127 258 4201 ἀρχῇ,
277 4124 350 4180 τοῦτ’
373 4129 441 4188 ἔστι,
461 4130 494 4194 τῆ
514 4123 603 4194 ἡδονῇ
621 4145 661 4178 πα
683 4126 776 4192 lexas.
853 4121 1026 4176 Diodorus
1044 4140 1094 4174 aus
1112 4121 1216 4190 Tyrus,
1240 4138 1283 4173 ern

122 4183 330 4267 Peripatetiken
349 4193 464 4248 Schiiler
477 4181 539 4246 'und
556 4141 724 4261 Nachfoiger
746 4189 792 4244 des
811 4189 956 4244 Critolaus.
992 4191 1070 4244 Tuae.
1089 4189 1115 4243 V
1133 4193 1174 4254 30,
1194 4192 1226 4241 ei
1244 4188 1283 4242 in·

123 4264 273 4319 dolentiam
291 4266 385 4317 autem
403 4261 543 4316 honestati
560 4259 758 4331 Peripateticus
776 4259 913 4313 Diodorus
932 4259 1063 4312 adiunxit.

193 4328 246 4388 20.
283 4351 320 4386 ne
339 4335 377 4386 tu
394 4331 495 4385 verba
513 4329 624 4384 solum
641 4331 757 4399 putes:
788 4327 905 4398 Begriffe
930 4329 994 4394 (res)
1018 4345 1082 4396 sege
1104 4325 1148 4380 ich
1173 4324 1284 4380 deshalb

389 3641 466 3695 aidan
483 3641 521 3694 ist
538 3644 616 3695 sonst
634 3639 724 3694 nichts
743 3639 872 3693 bekannt.
909 3637 988 3692 Tusa.
1051 3641 1092 3700 30,
1111 3641 1143 3691 85
1162 3637 1283 3708 volupta-
