3024 4938
236 296 277 358 28
468 293 518 347 DE
537 293 688 348 FINIBUS
707 293 891 348 BONORUM
909 294 957 348 ET
976 293 1163 350 MALORUM

238 486 321 527 nam
338 485 476 528 manus
500 471 568 528 tua
591 464 647 528 sio
671 462 837 542 affecta,
862 486 974 548 quem
998 465 1044 528 ad
1068 464 1220 528 modum
1244 465 1409 530 affecta

236 587 340 629 nuno
364 573 440 644 est,
473 565 698 631 desiderat?
742 565 860 628 Nihil
884 587 988 630 sane.
1043 568 1110 644 At,
1141 566 1175 629 si
1203 567 1407 653 voluptas

239 677 347 732 esset
369 670 526 747 bonum,
552 669 824 733 desideraret?
861 670 923 732 Ita
947 669 1076 734 eredo.
1124 671 1212 734 Non
1236 677 1297 733 est
1320 670 1406 753 igi-

237 773 302 833 tur
325 771 514 854 voluptas
544 770 701 833 bonum.
749 769 822 833 Hoc
846 791 887 833 ne
911 775 1055 834 statuam
1079 770 1213 854 quidem
1234 769 1407 834 dicturam

236 879 331 956 pater
354 870 482 950 aiebat,
517 871 545 935 si
567 872 659 954 loqui
691 877 820 955 posset;
855 872 1048 959 conclusum
1080 879 1133 936 est
1166 873 1251 936 enim
1284 880 1408 936 contra

239 973 438 1057 Cyrenaicos
462 973 542 1036 satis
566 980 674 1054 acute,
699 973 783 1037 nihil
806 974 848 1036 ad
870 973 1061 1057 Epicurum.
1107 974 1195 1038 Nam
1218 973 1246 1036 si
1269 995 1307 1038 ea
1330 975 1408 1037 sola

239 1078 392 1162 voluptas
417 1081 515 1154 esset,
541 1098 622 1160 quae
647 1075 741 1160 quasi
762 1075 919 1141 titillaret
941 1099 1067 1154 sensus,
1092 1082 1131 1139 ut
1153 1077 1201 1140 ita
1224 1075 1339 1154 dicam,
1368 1083 1408 1140 et

238 1181 279 1244 ad
296 1202 352 1244 eos
369 1203 443 1243 cum
460 1178 623 1244 suavitate
647 1181 796 1244 afflueret
819 1185 853 1244 et
875 1180 1079 1259 illaberetur,
1105 1203 1165 1244 neo
1189 1202 1305 1244 manus
1327 1202 1406 1244 esse

240 1288 397 1346 contenta
419 1290 533 1366 posset
555 1304 616 1346 nec
639 1283 707 1346 nlla
729 1305 803 1367 pars
826 1282 992 1346 vacuitate
1016 1281 1139 1346 doloris
1163 1282 1232 1346 sine
1256 1282 1404 1345 iucundo

239 1389 332 1448 motu
356 1383 553 1467 voluptatis:
579 1383 630 1448 sin
653 1388 763 1448 autem
787 1406 914 1448 summa
938 1385 1092 1468 voluptas
1116 1390 1178 1462 est,
1204 1390 1242 1448 ut
1257 1383 1404 1468 Epicuro
1507 1449 1508 1474 ¹

239 1489 359 1572 placet,
376 1487 460 1552 nihil
476 1489 599 1568 dolore,
624 1488 765 1573 primum
781 1488 844 1553 tibi
858 1495 960 1567 reete,
986 1488 1181 1572 Chrysippo,
1207 1509 1404 1552 eoncessum
1507 1475 1508 1498 ¹

241 1594 301 1668 est,
328 1589 412 1654 nihil
428 1591 614 1655 desiderare
638 1613 782 1670 manum,
808 1614 883 1654 cnm
898 1592 945 1654 ita
960 1596 1049 1656 esset
1064 1592 1193 1668 affecta,
1218 1591 1404 1654 secundum
1507 1597 1508 1668 ξ

240 1715 307 1756 non
330 1700 441 1771 recte,
476 1693 504 1756 si
527 1695 682 1778 voluptas
705 1698 795 1758 esset
816 1695 959 1772 bonum,
993 1693 1094 1758 inisse
1124 1693 1402 1768 desideraturam;
1507 1705 1508 1728 ³

240 1792 363 1857 idcirco
388 1794 474 1858 enirn
499 1817 566 1858 non
589 1794 801 1874 desideraret,
826 1795 913 1879 quia,
938 1796 1026 1878 quod
1049 1796 1162 1859 dolore
1187 1799 1286 1872 caret,
1310 1793 1342 1858 id
1366 1794 1423 1890 in*

243 1899 415 1981 voluptate
440 1902 504 1966 est·

326 1999 407 2063 XII.
443 1997 512 2082 (lt)
536 1999 733 2063 Extremum
755 2007 866 2064 autem
900 2022 971 2064 esse
1003 2001 1164 2064 bonorum
1195 2001 1406 2084 voluptatem

241 2123 282 2165 ex
319 2103 382 2165 hoc
420 2101 578 2166 facillime
615 2102 757 2187 perspici
794 2109 917 2188 potest.
970 2102 1220 2167 Constituamus
1258 2103 1406 2186 aliquem

241 2203 384 2288 magnis,
411 2204 537 2282 multis,
562 2205 731 2288 perpetuis
754 2205 918 2269 fruentem
942 2211 976 2268 et
999 2204 1106 2268 animo
1131 2211 1165 2268 et
1188 2226 1321 2288 corpore
1345 2227 1405 2268 vo-

243 2305 450 2390 luptatibus,
492 2307 585 2370 nullo
619 2307 730 2370 dolore
761 2329 823 2370 neo
854 2306 1053 2392 impediente
1084 2328 1146 2370 neo
1178 2307 1404 2390 impendente,

244 2429 341 2492 quern
365 2409 501 2473 tandem
525 2411 588 2472 hoe
613 2414 704 2472 statu
727 2409 1013 2493 praestabiliorem
1036 2414 1094 2474 aut
1121 2408 1226 2493 magis
1250 2414 1409 2496 expeten-

261 2633 372 2693 enannt,
391 2630 442 2711 aig.
461 2630 504 2684 die
522 2629 753 2701 disputatorisohe
770 2633 853 2688 Eorm
873 2633 919 2686 der·
936 2633 988 2687 Era
1011 2652 1041 2696 e,
1069 2633 1098 2688 in
1116 2633 1215 2689 welche
1234 2633 1277 2687 die
1295 2633 1409 2689 Stoiher

242 2718 252 2752 1
272 2717 300 2753 re
319 2698 511 2753 dialectrsohen
529 2698 647 2754 Beweise
665 2701 778 2756 fassten.
796 2701 858 2772 Vgl.
877 2702 917 2756 IV
931 2706 983 2766 3,7
1027 2705 1136 2772 ungunt
1155 2702 1228 2757 enim
1247 2702 1326 2783 quasi
1343 2721 1408 2756 acu·

240 2767 289 2822 leis
307 2767 576 2838 interrogatiunculis
595 2769 730 2839 angustis.
836 2770 926 2826 nihil
948 2770 989 2824 ad
1006 2771 1198 2842 Epicurum.
1234 2771 1286 2824 Die
1303 2770 1408 2840 Ellipse

240 2855 294 2890 von
332 2836 433 2890 ertinet
451 2836 521 2891 auch
548 2855 587 2892 or.
606 2837 635 2892 in
653 2837 746 2894 Pison.
765 2843 807 2902 28,
826 2843 859 2892 68
885 2844 957 2893 recte
976 2858 1011 2893 an
1029 2857 1120 2905 secus,
1138 2839 1208 2893 nihil
1226 2839 1260 2892 ad
1278 2857 1327 2894 nos
1346 2843 1407 2902 ant,

241 2905 299 2974 sia
335 2923 394 2968 nos,
411 2905 481 2959 nihil
498 2905 533 2959 ad
552 2905 603 2959 hoo
621 2909 736 2978 tempus.
764 2907 796 2962 de
814 2907 899 2962 divin.
917 2907 946 2961 II
965 2911 1006 2970 3⁷,
1026 2912 1058 2961 ts
1077 2908 1155 2963 credo
1174 2907 1203 2961 id
1221 2908 1338 2988 quidem,
1357 2909 1408 2962 sed

241 2974 291 3027 hoc
310 2972 380 3026 nihil
398 2973 432 3026 ad
452 2974 582 3044 auspicia.
617 2975 696 3029 Tusa
715 2977 730 3029 I
748 2980 789 3040 29,
804 2980 842 3028 .ἵο
861 2975 930 3030 nihil
948 2977 982 3030 ad
1001 2976 1037 3040 id,
1065 2975 1098 3031 de
1116 2996 1169 3048 quo
1197 2995 1305 3046 agrmus
1331 2997 1358 3030 u.
1377 2982 1406 3032 ὃ.

240 3041 341 3164 quasi
359 3041 541 3098 titillaret:
560 3042 764 3114 Uebersetzung
783 3064 834 3099 von
853 3045 968 3114 Epicure
987 3067 1042 3122 pap
1064 3049 1159 3111 αλίζω.
1181 3046 1241 3099 Den
1259 3045 1405 3100 Gebrauch

259 3128 286 3164 ea
304 3110 412 3165 Wortes
431 3110 481 3165 soll
499 3111 548 3165 das
566 3111 763 3193 binzugeiiigte
785 3116 818 3167 ut
841 3113 881 3167 ita
900 3114 989 3168 dicam
1008 3067 1223 3184 enischuldigen.
1258 3116 1338 3169 Tuae.
1359 3115 1407 3168 ΙΙΙ

1506 3119 1509 3168 l

240 3183 281 3242 20,
301 3182 333 3231 47
352 3179 406 3234 nisi
424 3198 519 3234 sensus
537 3181 616 3250 quasi
634 3181 813 3236 titillarentur
834 3183 983 3253 voluptate.
1019 3183 1076 3238 Das
1094 3183 1186 3238 Subst.
1205 3181 1328 3237 titillatio
1347 3187 1405 3236 ent·
1508 3195 1509 3244 l

241 3247 345 3318 sprioht
363 3249 424 3303 dem
441 3248 542 3319 griech.
561 3251 768 3333 poppolcppric.
788 3252 816 3306 S.
834 3251 867 3305 de
884 3256 942 3306 nat.
961 3251 1033 3306 deor.
1052 3253 1186 3314 140,113
1205 3271 1231 3305 u.
1245 3251 1302 3306 das.
1321 3250 1404 3305 Scho—
1508 3245 1509 3310 i

240 3335 332 3371 mann.
403 3335 463 3372 neo
481 3319 551 3373 ulla
568 3338 649 3389 pars
666 3321 749 3374 naml.
767 3321 895 3390 corporis.

310 3403 380 3457 Dass
399 3403 442 3458 die
459 3404 530 3458 Lust
549 3404 597 3458 das
616 3405 731 3460 hbchste
749 3405 814 3466 aut,
834 3404 881 3459 der
899 3405 1025 3458 Schmerz
1045 3404 1093 3458 das
1112 3405 1227 3460 hdchsta
1244 3403 1329 3459 Uebel
1350 3405 1401 3468 sei,

239 3471 309 3525 lasse
325 3472 384 3526 sich
402 3472 502 3526 claraus
520 3473 663 3537 erhennen,
682 3473 744 3526 dass
764 3473 913 3542 derjenige‚
937 3473 1050 3528 welcher
1068 3473 1127 3528 sich
1145 3473 1183 3528 im
1208 3473 1313 3527 Genuss
1336 3473 1403 3528 aller

239 3540 376 3610 geistigen
393 3539 450 3594 und
468 3540 656 3610 kdrperlichen
674 3541 840 3662 Vergniiqen
858 3540 989 3605 befindet,
1013 3541 1083 3596 ohne
1101 3542 1186 3596 durch
1205 3541 1300 3612 irgend
1319 3546 1402 3596 etwas

239 3611 347 3674 gestdrt
364 3608 428 3662 oder
446 3609 590 3678 gehindert
607 3629 641 3662 zu
658 3608 772 3671 werden,
810 3627 840 3662 as
858 3609 972 3664 hbchste
984 3611 1042 3664 aut
1060 3610 1174 3681 erlangt,
1193 3610 1255 3665 dass
1274 3610 1337 3665 aber
1355 3611 1403 3665 der

240 3677 362 3731 Zustand
381 3676 554 3746 desjenigen,
581 3676 693 3731 welcher
711 3695 764 3731 von
782 3675 834 3731 den
851 3682 978 3758 grdssten
1001 3679 1162 3734 Schmerzen
1187 3679 1299 3750 gequiilt
1324 3680 1402 3742 wird,

238 3744 566 3814 verabsoheuungswerth
586 3745 728 3800 erscheint.
747 3746 839 3800 Daher
856 3751 894 3800 ist
913 3746 961 3800 das
979 3747 1094 3802 hdohste
1112 3748 1177 3810 eur,
1197 3749 1246 3802 das
1264 3747 1320 3802 Ziel
1338 3749 1403 3803 alles

239 3812 338 3875 Guten,
357 3812 447 3866 nichts
466 3811 577 3868 anderes
595 3814 635 3868 als
653 3814 695 3868 ein
714 3815 766 3869 mit
783 3816 854 3869 Luat
871 3815 1055 3870 verbundenes
1073 3816 1172 3871 Ireben.
1200 3816 1276 3887 (Cap.
1296 3822 1349 3883 12.)

308 3879 361 3933 40.
381 3880 645 3936 Constituamus
666 3882 811 3953 aliquem
831 3906 875 3935 -r
895 3903 990 3953 quem
1008 3885 1145 3940 tandem
1164 3892 1215 3940 -P
1233 3887 1310 3939 Statt
1328 3886 1401 3940 eines

239 3947 325 4002 durch
344 3949 416 4029 quod
434 3949 459 4003 si
477 3950 663 4020 singeleiteten
681 3951 875 4007 Vordersatzes
902 3953 977 4008 steht
1003 3953 1050 4009 der
1072 3954 1209 4009 hortativa
1227 3954 1401 4024 Conjunctiv.
1502 3975 1503 3982 ¹

238 4016 329 4070 Dafiir
347 4022 384 4071 ist
403 4020 416 4083 ξ
436 4023 466 4072 41
487 4019 598 4073 thnhch
616 4019 663 4074 der
680 4021 830 4094 imperativ
847 4026 965 4092 gesetzt=
1002 4023 1100 4077 Statue
1119 4027 1214 4078 contra
1231 4023 1348 4093 aliquem
1369 4053 1399 4064 -

257 4084 305 4139 uid
324 4103 353 4140 eo
373 4087 497 4142 miserius
516 4088 571 4142 diei
589 4092 637 4142 ant
655 4089 691 4144 fin
713 4091 722 4143 i
740 4094 848 4160 potest?
883 4091 966 4145 Beide
984 4091 1042 4145 Mal
1059 4091 1109 4145 hat
1127 4091 1165 4146 im
1183 4091 1338 4147 Nachsatze
1357 4092 1401 4145 die

237 4103 405 4210 ibetorisohe
422 4157 511 4228 Frage
529 4157 673 4227 negativen
692 4107 712 4212 E

712 4158 774 4220 inn,
793 4159 849 4214 also
864 4185 888 4206 =
903 4161 1007 4214 nullum
1024 4159 1145 4230 profecto
1163 4160 1214 4215 hoc
1232 4164 1310 4215 statu
1325 4178 1400 4232 prae·
1508 4187 1509 4190 ¹

240 4222 407 4279 stabiliorem
425 4243 570 4296 possumus
589 4227 677 4281 dicere
694 4229 751 4281 und
769 4228 838 4282 nihil
856 4247 886 4282 eo
905 4229 1030 4283 miserius
1048 4228 1103 4283 dici
1130 4233 1179 4284 aut
1204 4229 1272 4300 fingi
1297 4234 1397 4299 potest.
1508 4279 1509 4282 ,

238 4292 330 4348 nullo
349 4293 466 4348 dolore
484 4314 542 4350 nec
560 4295 767 4366 impediente
785 4315 844 4351 neo
862 4297 1078 4368 impendente
1105 4317 1126 4351 s.
1146 4317 1180 4352 zu
1197 4299 1238 4353 IV
1256 4302 1297 4361 21,
1316 4303 1350 4352 58
1367 4302 1402 4352 ut
1507 4309 1509 4344 l
