3020 4948
267 341 308 404 82
499 336 550 392 Du
568 335 720 392 ulmus
738 334 923 391 BONORUM
941 336 989 390 m
1007 336 1193 392 MALORUM

266 510 366 574 bulus
403 520 448 572 est
483 507 599 573 statim
638 527 699 570 uec
737 506 936 590 respondere
976 530 1092 586 ausus3
1140 513 1209 572 erat
1244 505 1326 570 enim
1356 527 1400 570 res

267 618 393 697 aperta.

353 712 469 776 XVII.
506 711 585 775 Non
607 710 709 794 igitur
732 711 772 775 de
795 711 946 795 improbo
956 760 966 792 ,
992 713 1051 776 sed
1073 715 1109 776 da
1131 711 1247 788 callido
1269 710 1401 794 improbo

267 816 469 901 quaerimus,
503 813 609 898 qualis
633 813 676 877 Q.
701 814 877 899 Pompeius
901 815 934 878 iu
961 816 1094 881 foedere
1117 814 1315 880 Numantino
1342 813 1401 877 iufi-

264 919 380 986 tiando
402 917 478 996 i'uit,
503 938 565 981 uec
587 937 665 980 vero
689 916 799 982 omnia
820 917 976 998 timente,
1002 919 1062 982 sed
1083 919 1225 1004 primum
1245 917 1299 1001 qui
1319 914 1402 980 animi

266 1019 504 1087 conscientiam
526 1039 593 1082 non
617 1025 729 1097 curet,
754 1041 853 1101 quam
877 1019 1008 1084 scilicet
1030 1019 1243 1104 comprimere
1264 1017 1341 1082 nihil
1361 1025 1402 1080 est

264 1123 402 1210 negotii.
427 1123 462 1186 Is
485 1121 584 1199 euim,
609 1120 666 1204 qui
688 1122 839 1186 occultus
863 1128 898 1186 et
920 1130 1031 1188 tectus
1055 1123 1187 1202 dicitur,
1211 1129 1337 1186 tantum
1357 1119 1401 1181 ab·

265 1235 376 1295 estut
399 1248 434 1292 se
456 1226 596 1306 indicet,
625 1224 775 1309 perficiet
798 1227 900 1291 etiam
922 1233 961 1290 ut
984 1227 1096 1292 dolere
1118 1227 1253 1291 alterius
1274 1222 1402 1308 improbe
1473 1307 1474 1320 χ

264 1333 354 1397 facto
380 1329 546 1394 videatur:
573 1326 651 1411 quid
675 1335 728 1392 est
751 1327 839 1392 enirn
854 1328 945 1393 aliud
961 1350 1033 1394 esse
1049 1333 1239 1396 versutum?
1262 1326 1324 1411 (55)
1346 1324 1402 1388 Me·
1473 1329 1474 1338 ’

263 1434 345 1499 mini
367 1455 419 1498 me
442 1431 557 1496 adesse
579 1432 619 1494 P.
638 1431 778 1495 Sextilio
801 1431 900 1510 Rufo,
927 1453 1002 1496 cum
1023 1432 1052 1496 is
1074 1454 1145 1497 rem
1167 1432 1210 1497 ad
1232 1431 1347 1496 amicos
1365 1427 1404 1490 ita

264 1538 428 1614 deferret,
461 1557 497 1600 se
520 1555 593 1598 esse
616 1535 773 1598 heredem
796 1534 838 1598 Q.
863 1534 965 1599 Fadio
989 1535 1105 1614 Gallo,
1139 1535 1231 1600 cuius
1254 1534 1287 1598 in
1315 1537 1402 1596 testa·

263 1647 376 1705 mento
394 1637 555 1722 scriptum
571 1643 671 1715 esset,
696 1657 731 1700 se
748 1637 789 1700 ab
813 1658 852 1701 eo
875 1644 1042 1721 rogatum,
1065 1645 1106 1703 ut
1128 1638 1235 1703 omnis
1256 1634 1404 1702 hereditas
1475 1687 1476 1694 ,

263 1743 306 1808 ad
328 1741 432 1806 filiam
453 1739 652 1824 perveniret.
685 1738 729 1802 Id
751 1738 911 1803 Sextilius
934 1739 1062 1806 sactum
1084 1741 1242 1824 negabat.
1287 1741 1404 1802 Poterat

263 1851 374 1910 autem
397 1843 546 1924 impune:
571 1839 644 1923 quis
668 1839 756 1904 enim
777 1841 1011 1926 redargueret?
1056 1841 1165 1908 Nemo
1188 1848 1335 1908 nostrum
1349 1857 1403 1902 cre·

264 1945 366 2011 debat
388 1950 524 2026 eratque
547 1941 617 2005 veri
639 1940 778 2005 similius
802 1931 891 2006 hunc
922 1943 1074 2023 mentiri,
1108 1944 1201 2008 cuius
1236 1943 1403 2015 interesset,

264 2071 361 2134 quam
384 2047 500 2124 illum,
534 2045 590 2129 qui
611 2044 645 2108 id
668 2067 703 2110 se
726 2067 861 2132 rogasse
894 2046 1100 2133 scripsisset,
1135 2049 1224 2132 quod
1256 2045 1406 2112 debuisset

261 2288 352 2342 ximus
370 2285 469 2342 surde.
494 2285 521 2340 S.
540 2304 574 2340 zu
591 2285 606 2339 I
624 2289 649 2346 4,
669 2289 709 2338 12.
780 2285 812 2352 Q.
830 2285 1022 2356 Pompeius,
1041 2285 1143 2341 Consul
1162 2287 1179 2342 i.
1196 2289 1223 2343 J.
1244 2291 1290 2341 141
1308 2305 1331 2340 ι.
1347 2283 1408 2344 cnr,

263 2357 358 2413 ffihrte
376 2359 426 2410 140
444 2355 474 2409 in
492 2352 611 2426 Spanien
628 2353 715 2425 Krieg
732 2353 785 2408 mit
808 2353 860 2408 den
882 2353 1087 2410 Numantinum
1110 2357 1169 2412 und
1193 2357 1243 2411 sab
1265 2355 1321 2410 sich
1339 2355 1406 2424 gend

264 2426 340 2496 thigt
357 2425 427 2480 ohne
445 2422 558 2477 Geheiss
576 2423 623 2477 des
641 2422 739 2477 Senats
756 2422 813 2477 und
832 2422 879 2477 des
896 2423 1051 2478 romischen
1063 2424 1147 2480 Vollrs
1167 2426 1244 2481 einen
1262 2423 1335 2480 nicbt
1366 2436 1407 2474 ann

264 2493 434 2548 ehrenvollau
450 2491 567 2546 I'rieden
583 2509 618 2545 ru
636 2491 789 2545 sohliessen.
824 2491 873 2544 An
895 2491 960 2545 aber
978 2492 1036 2546 sein
1052 2493 1222 2565 Naohfolger
1239 2495 1277 2550 M.
1294 2493 1347 2562 Pop
1373 2488 1407 2540 'us

263 2563 355 2617 Linos
373 2561 446 2624 kam,
464 2559 596 2614 erkannte
615 2576 643 2612 er
665 2559 718 2614 den
734 2558 971 2614 Friedeusscbluss
993 2561 1070 2616 nicht
1094 2580 1131 2616 an
1152 2564 1212 2619 und
1236 2563 1356 2633 emina,
1375 2556 1408 2610 ⁸¹⁸
1480 2613 1481 2622 2

264 2631 311 2685 der
328 2631 438 2700 Antrag
474 2628 563 2683 estellt
580 2627 679 2692 wurde,
697 2625 747 2682 ibn
765 2627 817 2683 den
834 2627 1040 2684 Numantinern
1056 2631 1254 2695 ausuuliefm.
1272 2649 1321 2686 nur
1336 2624 1408 2682 doch

264 2700 361 2753 Bittsn
378 2697 426 2752 der
469 2696 553 2751 efahr.
589 2696 651 2751 Von
670 2697 771 2752 seinem
789 2696 1146 2768 sobimpfliohenBiindniss
1164 2701 1219 2757 mit
1236 2702 1288 2757 den
1303 2697 1408 2754 Numan·
1480 2707 1481 2754 3

263 2768 355 2822 tinem
373 2766 477 2838 sprioht
495 2765 550 2820 (lic.
569 2765 639 2819 auch
657 2764 690 2820 de
709 2765 753 2820 off.
771 2765 817 2820 III
834 2769 876 2830 30,
896 2769 954 2821 109.
990 2768 1052 2839 Vgl
1070 2768 1228 2826 Mommsen
1244 2774 1311 2826 rtm.
1327 2763 1410 2822 Gcsnh·
1480 2757 1481 2840 l

263 2835 311 2890 11⁶
329 2836 355 2889 S.
377 2835 440 2889 13f.
510 2833 703 2889 infitIando
722 2833 818 2889 ‘durch
835 2834 1136 2908 Niohtanerlrennung'.
1218 2843 1328 2895 tectus
1345 2829 1410 2888 ‘wohl
1480 2877 1481 2880 ,

264 2904 385 2975 gedeokt
403 2902 565 2967 behutsam’‚
592 2920 674 2973 or.p.
693 2903 825 2968 Deiota,
846 2908 877 2957 16
904 2903 965 2974 quis
988 2905 1187 2964 consideratior
1203 2909 1271 2964 illo?
1295 2905 1352 2977 quis
1366 2907 1410 2956 tet·

264 2975 326 3036 tior,
345 2973 406 3042 quis
423 2971 601 3043 prudentior?
659 2971 826 3043 perficiet
844 2973 959 3028 etiamr
979 2978 1049 3030 statt
1067 2974 1114 3030 der
1131 2977 1322 3050 Ankuiipfung
1337 2968 1411 3027 durch

202 3067 206 3074 ·
263 3047 296 3098 ut
314 3043 435 3109 (tantum
454 3041 532 3096 abest
548 3044 581 3094 ut
599 3071 632 3080 —
649 3043 695 3108 ut)
712 3040 752 3096 ist
769 3041 816 3096 der
832 3042 926 3097 aweite
943 3045 1008 3100 Sata
1026 3044 1208 3119 uuabbtngig
1225 3049 1333 3118 gesetat
1349 3040 1412 3100 V20‚

264 3115 297 3164 51
315 3112 427 3165 tanturn
445 3108 530 3173 abest,
550 3111 581 3164 ut
598 3109 752 3181 voluptates
770 3115 975 3176 consectentur,
994 3113 1078 3168 etiam
1096 3131 1195 3180 curas,
1223 3110 1411 3171 sollicitudines,

263 3178 371 3262 vigilias
389 3179 537 3250 perferunt.
573 3177 651 3233 Brut
671 3183 712 3244 80,
732 3183 782 3233 273
809 3183 920 3235 tantum
938 3181 1021 3244 aluit,
1049 3186 1082 3236 ut
1107 3183 1292 3240 inflammares
1317 3182 1412 3236 nostros

263 3267 383 3304 ammos:
411 3265 538 3303 somnum
557 3247 611 3302 isto
637 3248 695 3303 loco
722 3248 768 3302 vix
794 3249 961 3304 tenebamus.
997 3251 1032 3304 ad
1049 3252 1109 3305 Att.
1128 3251 1204 3308 XIII
1221 3259 1264 3318 21,
1281 3257 1297 3306 5
1314 3251 1411 3305 tantum

263 3315 997 3457 ‘mucidalocutiuncula
1016 3319 1289 3446 ⁰⁰¹¹fssltlltro
1307 3384 1404 3442 ooo

263 3455 305 3511 Ob
322 3474 351 3511 ar
369 3456 416 3510 der
434 3455 520 3510 Vater
538 3454 584 3508 des
602 3454 634 3507 P.
653 3455 783 3510 Sextilius
800 3473 870 3518 war,
888 3454 938 3510 der
955 3457 994 3510 im
1011 3461 1037 3510 J.
1056 3463 1087 3510 01
1107 3476 1132 3511 v.
1151 3457 1216 3514 Chr.
1235 3459 1351 3526 Quietor
1366 3468 1414 3505 war

263 3525 313 3588 (or.
331 3543 357 3596 p.
374 3525 472 3579 Flacco
492 3527 533 3586 13,
552 3525 604 3590 30),
624 3522 663 3576 ist
679 3522 824 3592 ungewiss.
905 3523 936 3589 Q.
955 3525 1083 3580 Fadius
1101 3525 1222 3583 Gallus
1241 3528 1326 3590 hatte,
1343 3523 1375 3577 da
1390 3536 1413 3572 er

175 3599 178 3606 '
262 3610 315 3648 nur
333 3592 392 3647 eine
409 3591 527 3646 Tochter
545 3590 651 3653 besass,
669 3590 722 3644 den
739 3591 770 3645 P.
790 3590 918 3646 Sextilius
936 3593 1027 3648 Rufus
1050 3613 1113 3649 zum
1136 3596 1320 3652 Soheinerben
1336 3591 1414 3647 selues

263 3662 433 3731 Vermdgens
451 3660 614 3730 eingesetzt,
637 3677 685 3712 um
710 3676 739 3713 so
762 3658 806 3714 die
828 3677 891 3713 vom
909 3661 1124 3718 Volkstribunen
1148 3664 1179 3730 Q.
1199 3665 1336 3720 Voconius
1353 3660 1415 3714 Saxa

262 3731 281 3784 i.
298 3731 325 3784 J.
345 3733 394 3783 173
413 3727 547 3798 gegebene
564 3727 606 3781 lex
623 3725 746 3782 Voconia
763 3746 798 3782 zu
815 3729 963 3799 umgehen,
982 3732 1094 3786 wonach
1112 3733 1251 3788 Personen
1268 3729 1414 3788 weiblioben

263 3796 441 3852 Gescbleohts
459 3797 536 3850 nicht
554 3795 593 3850 als
612 3795 836 3853 Universalerben
854 3796 1008 3855 batrachtet
1026 3801 1132 3856 werden
1150 3801 1290 3866 konnten,
1308 3797 1413 3855 scudern

263 3883 315 3920 nur
333 3865 411 3918 einen
429 3865 507 3919 'Pheil
525 3864 572 3919 des
589 3863 759 3936 Vermdgens
777 3866 914 3922 erhielten.
949 3868 1053 3923 Fadius
1071 3869 1164 3925 Gallus
1192 3871 1348 3927 bestimmte
1365 3880 1415 3920 n1111

264 3935 350 3988 seiner
368 3933 485 3988 Tocbter
502 3934 541 3987 im
559 3934 721 4016 'declament
738 3935 816 4016 niobt
828 3954 886 4016 ‘nur
903 3937 982 3991 nicht
1003 3937 1081 4019 einen
1105 3940 1184 3995 Theil
1207 3939 1294 3995 seines
1313 3935 1415 3991 vernt·

262 4020 338 4152 {323⁹
352 4002 544 4136 :tilbfflrlt
555 4002 607 4153 dil
619 4002 956 4152 llllblblttt
967 3999 1416 4132 accelerandum

263 4139 306 4194 dre
323 4139 472 4195 Erbschaft
489 4140 536 4196 fur
553 4140 625 4205 sroh,
652 4141 744 4196 rudem
763 4161 791 4196 er
808 4141 852 4196 die
869 4142 910 4196 lex
928 4144 1049 4199 Voconia
1067 4165 1102 4200 zu
1119 4147 1220 4202 seinem
1237 4142 1361 4199 Vortheil
1377 4140 1414 4194 be-

262 4212 366 4264 nutzte.
402 4208 858 4280 Oicncnntderep.11110,17
886 4212 958 4267 diese
975 4214 1017 4268 lex
1035 4215 1174 4271 ‘utilitatis
1192 4215 1314 4268 virorum
1330 4207 1415 4282 gratia

262 4283 367 4349 rogata,
385 4277 415 4332 in
433 4278 558 4334 mulieres
575 4279 653 4350 plena
668 4278 800 4335 iniuriae'.
819 4279 880 4350 Vgl.
893 4281 995 4352 Zumpt
1011 4302 1061 4337 zur
1079 4302 1116 4338 or.
1135 4285 1165 4338 in
1183 4283 1259 4337 Verr.
1277 4283 1292 4336 I
1310 4279 1414 4341 41,106·

262 4350 402 4417 poterat
419 4352 530 4412 autem
548 4348 682 4419 impune
700 4348 782 4402 ndml.
801 4366 906 4419 negare.
1012 4351 1087 4422 quis
1105 4371 1177 4408 eum
1194 4347 1416 4419 redargueret
