3020 4948
487 283 549 339 Lm.
567 285 604 338 Π.
623 284 688 338 Cer.
706 285 834 340 HI-IV.
855 287 883 351 §5
904 290 996 343 7-11.
1273 291 1314 356 53

139 483 227 524 vero
245 458 316 523 vim
330 457 513 543 voluptatis
530 478 613 537 esse,
638 456 736 522 aliam
759 457 842 542 nihil
866 458 1011 537 dolendi,
1036 458 1100 523 nisi
1122 459 1219 524 valde
1241 483 1314 546 per-

143 562 247 628 tinax
270 561 385 640 fueris,
410 561 571 624 concedas
596 581 731 624 necesse
757 566 819 625 est.
865 560 971 645 Atqui
994 561 1159 646 reperieS,
1192 563 1311 648 inquit,

149 666 182 730 in
203 668 273 730 hoc
299 664 431 748 quidem
463 662 665 750 pertinacem
672 689 682 740 3
717 662 783 728 dici
815 663 902 728 enim
933 664 1017 728 nihil
1048 671 1160 749 potest
1191 667 1312 731 verius.

148 768 268 846 Estne,
296 787 436 849 quaeso,
461 765 606 850 inquam,
636 764 764 829 sitienti
785 765 819 829 in
840 765 985 830 bibendo
1008 767 1185 850 voluptas?
1230 767 1314 834 Quis

146 871 241 934 istud
265 869 385 956 possit,
409 869 530 952 inquit,
554 871 698 952 negare?
743 869 923 944 Eademne,
949 891 1031 953 quae
1054 870 1215 934 restincta
1237 871 1313 936 siti?

149 975 258 1036 lmmo
283 971 349 1036 alio
373 992 510 1056 genere,
535 971 696 1035 restincta
718 971 805 1035 enim
828 971 902 1035 sitis
926 971 1144 1036 stabilitatem
1162 974 1313 1058 volupta-

152 1075 193 1140 tis
216 1077 335 1154 habet,
360 1075 484 1158 inquit,
509 1074 568 1138 illa
591 1080 703 1138 antem
727 1075 881 1160 voluptas
904 1075 1008 1158 ipsius
1031 1074 1256 1140 restinctionis
1279 1077 1314 1141 in

146 1175 334 1243 motu'est.
382 1177 448 1240 Cur
469 1177 592 1262 igitur,
630 1177 784 1261 inquam,
817 1199 870 1242 res
901 1185 973 1242 tam
996 1177 1165 1242 dissimilis
1197 1179 1313 1243 eodem

144 1281 284 1346 nomine
316 1281 484 1366 appellas?
524 1266 592 1364 Ι(10)
617 1278 707 1344 Quid
738 1279 836 1366 paulo
868 1287 964 1360 ante,
999 1280 1126 1365 inquit,
1162 1281 1311 1363 dixerim,

145 1405 260 1461 nonne
284 1383 481 1461 meministi,
513 1405 587 1446 cum
611 1382 716 1447 omnis
741 1381 835 1446 dolor
859 1383 1029 1447 detractus
1054 1389 1157 1464 esset,
1181 1385 1311 1465 variari,

144 1511 215 1552 non
240 1487 356 1572 augeri
377 1486 607 1572 voluptatem?
630 1485 770 1550 Memini
790 1507 880 1568 vero,
905 1487 1050 1570 inquam.
1077 1488 1141 1552 Sed
1164 1495 1203 1552 tu
1226 1489 1312 1553 istuc

148 1591 238 1656 dixti
259 1592 344 1655 bene
366 1589 507 1668 Latine,
541 1612 657 1673 parum
681 1590 795 1675 plane3
829 1589 1004 1654 varietas
1037 1589 1122 1655 enim
1154 1591 1314 1656 Latinum

151 1694 289 1756 verbnm
313 1699 385 1771 est,
418 1691 517 1775 idque
541 1690 670 1776 proprie
695 1690 828 1775 quidem
861 1690 895 1755 in
928 1691 1112 1776 disparibus
1145 1693 1313 1756 coloribus

160 1794 292 1874 dicitur,
312 1796 379 1882 Lsed
400 1792 600 1858 transfertur
623 1793 658 1856 in
681 1795 789 1858 multa
813 1793 971 1878 disparia:
1011 1795 1160 1859 varium
1183 1817 1311 1880 poema,

155 1897 261 1961 varia
282 1897 402 1973 oratio,
436 1896 539 1961 varii
561 1919 680 1977 mores,
714 1896 822 1962 varia
844 1896 994 1975 fortune3
1033 1901 1188 1982 voluptas
1212 1899 1313 1964 etiam

150 2000 260 2065 varia
284 2001 351 2066 dici
373 2003 472 2080 solet,
498 2023 572 2064 cum
595 2000 777 2086 percipitur
801 2023 818 2065 e
841 2001 957 2064 multis
982 2000 1196 2066 dissimilibus
1212 2003 1312 2066 rebus
1388 2015 1390 2020 '

151 2103 328 2168 dissimiles
352 2103 571 2168 efficientibus
596 2103 800 2187 voluptates.
847 2102 983 2166 Ecmsi
1005 2103 1201 2167 varietatem
1224 2103 1312 2168 dice·

151 2229 211 2286 res,
235 2206 486 2291 intellegerem,
511 2213 550 2270 ut
574 2205 673 2269 etiam
697 2228 764 2269 non
792 2205 924 2269 dicente
952 2211 987 2269 te
1019 2204 1192 2290 intellego.
1238 2206 1312 2270 Ista

148 2309 293 2374 varietas
318 2330 400 2393 quae
424 2307 478 2387 sit,
504 2330 571 2372 non
594 2307 674 2372 satis
697 2306 872 2392 perspicis,
898 2307 986 2391 quod
1010 2307 1072 2386 eis,
1098 2329 1172 2371 cum
1196 2307 1310 2371 dolore

146 2433 338 2489 careamus,
371 2415 444 2474 tum
466 2410 501 2476 in
524 2432 651 2474 summe
674 2409 847 2496 voluptate
870 2433 931 2474 nos
964 2431 1055 2490 esse,
1090 2432 1165 2474 cum
1197 2415 1310 2475 autem

144 2537 321 2580 vescamur
344 2513 383 2576 iis
406 2514 522 2587 rebus,
553 2535 636 2597 quae
660 2513 791 2577 dulcem
815 2520 942 2577 motum
975 2514 1114 2578 afferant
1145 2512 1308 2592 sensibus,

144 2622 219 2681 tum
243 2637 316 2680 esse
339 2616 374 2680 in
396 2623 491 2680 motu
513 2617 731 2701 voluptatem,
759 2615 814 2699 qui
829 2615 932 2680 facist
947 2615 1142 2680 varietatem
1156 2616 1309 2701 volupta-

144 2727 239 2798 tum,
274 2719 333 2784 sed
356 2743 423 2786 non
445 2719 560 2804 augeri
582 2720 676 2783 illam
698 2743 764 2784 non
788 2717 921 2783 dolendi
949 2720 1175 2803 voluptatem,
1210 2741 1309 2804 quam

147 2843 206 2886 cnr
227 2823 438 2906 voluptatem
461 2822 608 2906 appelles
632 2819 755 2885 nescis.

234 2943 296 3006 IV.
323 2940 377 3026 (ll)
399 2947 454 3006 An
477 2946 608 3026 potest,
642 2941 750 3025 inquit
773 2941 850 3020 ille,
881 2940 1057 3024 quicquam
1081 2962 1152 3004 esse
1176 2940 1308 3004 suevius

147 3069 247 3132 quam
270 3045 354 3110 nihil
377 3041 512 3109 dolere?
534 3044 641 3108 Immo
668 3043 712 3107 sit
736 3066 813 3108 sene
836 3043 920 3108 nihil
943 3043 1072 3123 melius,
1097 3043 1242 3127 inquam,
1267 3083 1310 3090 —

146 3148 292 3213 nondum
326 3148 413 3212 enim
443 3147 478 3211 id
511 3167 630 3230 quaero
653 3185 695 3194 —
718 3168 798 3209 num
828 3153 1002 3230 propterea
1034 3144 1122 3209 idem
1153 3147 1309 3229 voluptas

145 3407 165 3462 I
185 3409 224 3466 10.
242 3409 282 3460 35.
389 3407 561 3460 restincta
579 3366 666 3458 eniio
684 3403 766 3458 sitis
785 3406 835 3458 etc.
864 3402 942 3456 ‘denn
962 3401 1005 3456 die
1022 3401 1171 3456 vollendste
1189 3401 1308 3472 Stillung

146 3476 196 3530 des
214 3475 327 3530 Durstes
346 3475 385 3530 ist
403 3476 455 3529 mit
474 3475 561 3529 einem
578 3473 695 3544 ruhigen
708 3473 872 3544 Vergniigen
890 3469 1052 3526 verbunden'
1071 3469 1308 3540 thelsb.12'l,1.

216 3561 265 3616 lc.
301 3563 402 3632 paulo
421 3562 591 3624 anteIss,
611 3564 652 3613 38.
758 3577 867 3612 nonne
890 3556 1083 3613 meministi
1110 3557 1307 3612 ‘erinnerstdu

144 3631 210 3686 dioh
227 3631 330 3685 niohtl'
357 3630 382 3684 d.
401 3630 428 3684 b.
456 3629 493 3684 du
511 3629 576 3683 hest
594 3628 663 3682 doch
681 3627 759 3682 nicht
776 3645 934 3699 vergessen,
960 3645 1015 3681 was
1033 3626 1079 3680 ich
1095 3625 1194 3681 vorher
1210 3631 1308 3698 gesat

143 3699 231 3755 habe?
267 3700 294 3754 S.
316 3719 352 3754 zu
369 3700 395 3752 V
413 3703 454 3762 28,
473 3703 514 3752 86.
609 3697 704 3751 dixti.
740 3697 821 3752 Diese
843 3714 926 3766 synco
946 3696 1012 3750 ierte
1034 3696 1118 3750 Form
1140 3694 1225 3752 findet
1248 3695 1287 3751 sic

143 3768 375 3824 handschriftlich
402 3767 561 3838 beglaubigt
588 3766 657 3821 noch
685 3766 717 3820 de
735 3769 792 3820 net.
812 3765 914 3820 deonl
965 3769 988 3828 9,
1008 3767 1055 3830 23;
1083 3764 1205 3835 dagegen
1223 3784 1261 3820 or.
1280 3785 1306 3836 p.

144 3839 251 3893 Gaecin.
272 3842 314 3901 29,
333 3841 365 3891 82
384 3856 437 3892 nur
454 3837 525 3890 nach
543 3837 604 3893 dem
623 3835 754 3906 Zengniss
773 3835 819 3889 des
837 3834 998 3900 Quintilian.
1096 3833 1224 3889 dulcem
1242 3853 1307 3889 mo·

144 3913 215 3962 turn
233 3907 362 3961 afferat
380 3905 540 3962 sensibus
560 3923 580 3958 ι.
599 3924 633 3958 zu
650 3906 666 3959 I
685 3910 725 3967 11,
744 3908 784 3957 37.
863 3903 897 3957 in
915 3907 1009 3958 motu
1026 3903 1237 3973 voluptatem
1255 3903 1307 3956 ‘die

143 3975 311 4032 wechsclnde
328 3976 416 4040 Lust',
434 3973 532 4029 welche
551 3993 572 4028 c.
592 3978 632 4037 10,
652 3978 683 4026 31
702 3989 812 4029 movens
830 3976 953 4042 genennt
970 3971 1046 4027 wird.

213 4080 316 4152 Epicur
333 4097 426 4140 muss,
453 4083 657 4148 vorausgsselrt
675 4076 737 4130 dass
757 4076 806 4130 dos
823 4076 939 4131 bbchste
958 4075 1015 4131 eut
1037 4077 1067 4129 in
1094 4075 1141 4130 der
1168 4076 1304 4130 Schmsrz·

144 4149 274 4220 losiglreit
291 4149 407 4214 besteht,
427 4149 499 4204 diese
518 4147 597 4200 alloin
615 4145 763 4200 leothalten
780 4145 837 4199 und
856 4145 899 4200 die
916 4144 988 4199 Lust
1006 4145 1147 4214 ausgeben.
1167 4143 1305 4199 Zwischen

143 4220 215 4274 Iiust
233 4217 291 4273 und
310 4215 565 4288 Schmorzlosigkeit
584 4215 657 4269 steht
675 4214 741 4270 eber
759 4214 829 4269 noch
848 4215 891 4268 ein
909 4215 1028 4278 Drittss,
1052 4213 1171 4268 ntimlich
1190 4212 1237 4267 der
1255 4213 1304 4267 Zu-

145 4288 235 4352 stand,
254 4288 284 4342 in
302 4287 427 4342 welchem
446 4287 494 4343 wir
512 4285 598 4341 weder
614 4284 686 4338 Lust
705 4283 774 4338 noch
793 4283 918 4338 Sohmerz
937 4281 1095 4352 empfinden.
1133 4282 1208 4353 (Cap.
1226 4287 1251 4336 4.
1270 4284 1305 4348 5.)
