3020 4948
239 304 302 368 112
474 302 525 356 Dll
543 301 694 362 FINIBUS
712 301 898 358 BONORUM
915 303 962 357 ΙΙΙ
981 301 1170 358 MALORUM

236 474 348 538 sibus
364 471 558 556 vicesimo
575 472 638 537 die
661 473 781 537 lunae
805 473 901 538 dent
925 473 972 538 ed
996 494 1126 538 eorum
1150 473 1305 560 epulas,
1331 472 1400 556 qui

237 597 312 640 une
335 594 470 640 secum
492 571 776 659 philosophati
798 573 899 654 siut,
933 581 980 638 ut
1012 579 1055 640 et
1086 574 1147 640 sui
1178 581 1221 640 et
1243 573 1399 638 Metro-

237 676 325 742 dori
347 675 536 740 memoria
559 677 736 740 colatur.
791 674 876 760 (102)
898 677 990 741 Haec
1014 698 1076 760 ego
1100 699 1166 742 non
1189 699 1325 762 possum
1348 677 1398 742 di-

235 801 311 845 cere
333 801 401 844 non
425 800 496 844 esse
520 778 662 844 hominis
686 779 836 862 quemvis
861 786 896 844 et
918 779 1001 844 belli
1016 787 1051 845 et
1065 779 1213 862 humani,
1237 779 1398 865 sapientis

236 904 314 948 vero
337 883 431 947 nullo
454 881 564 961 modo,
584 881 714 966 physici
737 882 945 966 praesertim,
970 905 1068 967 quem
1090 905 1126 948 se
1148 883 1207 948 ille
1224 905 1296 948 esse
1312 883 1397 962 vult,

235 991 352 1068 putore
375 983 483 1048 ullum
506 1004 578 1047 esse
603 983 796 1067 cuiusquam
819 983 907 1048 diem
929 983 1087 1050 natalem.
1134 983 1244 1052 Quid?
1266 984 1399 1050 idemne

234 1091 349 1170 potest
372 1084 539 1165 essedies
562 1085 705 1170 saepius,
730 1085 787 1170 qui
809 1088 913 1152 semel
936 1085 1021 1150 luit?
1067 1086 1166 1152 Certe
1181 1110 1249 1152 non
1271 1094 1399 1174 potest.

235 1193 291 1254 An
314 1186 462 1258 eiusdem
484 1187 596 1253 modi?
640 1187 694 1252 Ne
716 1187 752 1254 id
775 1187 925 1272 quidem,
949 1188 1014 1254 nisi
1036 1189 1143 1254 mults
1165 1211 1327 1256 annorum
1348 1189 1401 1254 in-

235 1290 450 1358 tercesserint
473 1289 574 1370 milis,
598 1296 638 1354 ut
660 1291 804 1356 omnium
828 1291 974 1357 siderum
997 1293 1124 1372 eodem,
1147 1292 1234 1358 unde
1250 1291 1402 1379 profecte

233 1394 315 1473 sint,
339 1393 400 1457 fiet
422 1393 465 1458 ad
486 1415 589 1458 unum
612 1400 744 1478 tempus
766 1395 923 1460 reversio.
949 1395 1072 1462 Nullus
1089 1403 1141 1460 est
1163 1395 1266 1482 igitur
1289 1394 1401 1461 ouius-

235 1518 334 1580 quem
358 1495 428 1560 dies
450 1495 585 1560 natulis.
633 1499 693 1560 ‘At
716 1496 887 1562 hebeturl'
911 1497 956 1560 nt
978 1519 1040 1582 ego
1064 1497 1099 1560 id
1121 1496 1251 1562 scilicet
1272 1497 1401 1561 nescie-

133 1663 136 1668 ,
235 1597 329 1675 bem!
377 1597 504 1662 Sedut
527 1597 582 1676 sit,
607 1597 750 1662 etiemne
773 1604 1014 1682 postmortem
1037 1600 1187 1668 coletur?
1224 1599 1324 1684 idque
1346 1607 1401 1664 te-

234 1705 402 1766 stamento
427 1700 559 1765 cavebit
580 1699 620 1778 is,
646 1701 702 1785 qui
724 1701 821 1766 nobis
845 1702 939 1786 quasi
962 1703 1132 1767 oraculum
1151 1702 1293 1768 ediderit
1313 1702 1401 1767 nihil

234 1803 546 1888 ednospertinere
570 1809 831 1888 postmortem?
875 1803 968 1872 Haec
991 1828 1058 1872 non
1090 1811 1184 1872 erant
1216 1805 1307 1884 eius,
1342 1805 1401 1890 qui

234 1906 492 1972 innumerabiles
514 1907 656 1973 mundos
683 1907 897 1992 infinitosque
929 1909 1102 1994 regiones,
1137 1931 1274 1994 quarum
1304 1909 1399 1972 nulla

234 2017 325 2076 esset
349 2033 416 2089 ora,
440 2011 532 2075 nullo
555 2010 760 2090 extremitas,
785 2019 897 2076 mente
919 2011 1175 2096 peregrevisset.
1204 2013 1295 2076 Num
1315 2010 1398 2096 quid

233 2113 304 2178 tale
325 2112 558 2178 Democritus?
603 2113 651 2178 Ut
674 2113 756 2178 alios
788 2114 960 2194 omittam,
995 2117 1082 2179 hune
1115 2115 1267 2200 appelle,
1301 2135 1402 2200 quern

234 2301 298 2356 ches
316 2302 369 2356 mit
386 2301 436 2357 der
448 2300 785 2356 Summer·Sonnenwende
803 2299 925 2372 begsun3
943 2319 971 2356 er
988 2301 1120 2356 umfesste
1138 2301 1182 2356 die
1193 2301 1287 2357 zweite
1299 2299 1399 2356 Hi'slfte

233 2388 345 2426 unseres
361 2371 468 2425 Jeuuor
485 2368 542 2424 und
560 2369 692 2424 discrete
709 2369 805 2425 Hence
823 2389 934 2426 unseres
952 2369 1082 2425 Februer.
1158 2370 1320 2425 vicesimo
1340 2369 1397 2424 die

234 2439 341 2493 lunee.
364 2439 417 2493 Die
433 2438 557 2493 Athener
573 2439 718 2493 reehneten
736 2439 806 2494 nach
824 2439 1041 2494 Mondmonsten
1058 2441 1175 2506 (menses
1191 2439 1322 2506 lunares).
1342 2440 1398 2494 Der

234 2511 304 2562 erste
322 2507 381 2578 Τις
399 2507 445 2562 des
457 2507 569 2562 Monate
588 2525 642 2561 war
660 2506 715 2570 der,
734 2526 769 2561 en
787 2507 882 2562 desseu
892 2507 989 2562 Abend
1008 2506 1055 2562 der
1066 2507 1213 2563 Neumond
1231 2507 1397 2631 sulffiinge

237 2574 329 2630 Sehon
346 2595 381 2630 zu
397 2574 543 2630 Lebzeiten
561 2575 676 2646 Epicurs
694 2593 749 2631 wer
766 2575 796 2629 in
814 2574 862 2630 der·
887 2576 1086 2647 epicureischen
1113 2577 1211 2632 Schule
1222 2586 1225 2592 '
1237 2577 1282 2632 nie
1303 2579 1316 2631 t
1342 2595 1399 2630 nur

235 2643 293 2698 sein
304 2643 437 2699 Geburtst
474 2685 481 2707 ,
499 2643 616 2699 sondern
633 2644 704 2700 euch
721 2643 769 2699 der
785 2646 949 2716 zwenzigste
962 2645 1039 2716 jedes
1051 2645 1163 2700 Monets
1181 2646 1240 2702 ihm
1257 2645 1315 2701 und
1332 2645 1397 2700 dem

234 2712 377 2767 Metrodor
393 2731 428 2768 zu
470 2714 537 2768 hren
554 2712 666 2784 gessisti
684 2714 799 2771 worden.

303 2781 373 2836 102.
410 2783 500 2837 Haec
518 2799 577 2852 ego
605 2800 669 2837 nou
695 2800 833 2853 possum
861 2781 974 2837 dicere
993 2818 1022 2826 -
1044 2785 1057 2848 5
1078 2787 1127 2836 103
1145 2802 1181 2838 zu
1198 2781 1276 2838 Ende
1294 2781 1397 2837 behan-

235 2849 291 2904 delt
309 2851 424 2920 Seyffert
442 2850 531 2906 Schol.
549 2851 597 2904 let.
615 2851 630 2904 I
648 2851 675 2904 S.
695 2852 773 2905 169ss
791 2851 969 2916 ausliihrlieh,
988 2871 1035 2906 um
1054 2851 1139 2907 deren
1157 2871 1192 2906 zu
1208 2852 1316 2922 zeigen,
1342 2852 1398 2906 mit

235 2919 354 2975 welchen
373 2918 490 2975 anderen
508 2920 626 2974 llormen
643 2919 690 2974 der·
708 2919 902 2990 Widerlegnng
924 2923 1029 2987 (ausser
1052 2921 1105 2976 den
1128 2921 1213 2976 sehon
1232 2920 1259 2974 S.
1279 2925 1328 2974 109
1349 2939 1398 2974 en-

138 2989 140 2996 ’
234 2987 392 3058 gefiihrten)
412 2988 455 3044 die
474 2987 606 3042 subiectio
624 2988 780 3043 verbunden
797 2988 903 3044 werden
925 2987 1008 3043 kann.
1111 2988 1315 3045 hominis-
1334 2987 1400 3043 hu·

234 3057 338 3137 neoni:
357 3057 420 3128 vgl.
439 3077 477 3113 or.
495 3058 525 3111 in
542 3057 598 3110 Pis.
617 3061 658 3120 28,
672 3061 705 3111 68
723 3057 804 3112 homo
825 3088 854 3096 —
874 3058 1020 3122 humanus,
1038 3057 1074 3113 ib.
1092 3057 1236 3114 hominum
1254 3057 1398 3113 humenis·

233 3144 434 3250 dlmommtop·
453 3127 522 3250 {est
539 3129 651 3250 {adu}
667 3126 798 3207 populum
819 3157 847 3166 -
866 3127 1043 3250 [ιοριιίαἳιιῖθιίιῂ.θ
1064 3195 1070 3207 ι
1091 3196 1110 3250 h
1129 3131 1168 3182 ut
1187 3127 1331 3216 omniurn
1351 3128 1399 3181 si·

232 3197 1399 3346 tillut....temeleretum?P13..‚¹}t1.t⁸..ltl.⁰ee?tez

233 3333 266 3387 de
283 3351 357 3388 unrv.
375 3336 403 3400 9)
421 3332 575 3387 annshmen
592 3332 650 3386 und
668 3332 779 3388 welches
804 3337 896 3397 12‚954
923 3333 1109 3403 SonnenJehre
1136 3333 1276 3389 umfasste.
1312 3333 1400 3390 Nsch

232 3402 288 3456 Cio.
307 3401 341 3456 de
358 3405 417 3457 net.
438 3401 510 3456 deor.
527 3403 558 3456 Π
576 3406 617 3464 20,
636 3405 668 3455 51
687 3402 753 3456 tritt
770 3420 797 3456 es
816 3401 890 3456 donn
908 3401 969 3464 ein,
998 3421 1076 3457 wenn
1103 3402 1146 3458 die
1168 3402 1317 3458 Riickkehr
1344 3401 1399 3455 der·

233 3471 332 3534 Sonne,
352 3471 398 3525 des
416 3471 532 3526 Mendes
550 3469 607 3525 und
625 3469 673 3524 der
689 3471 820 3525 Pleneten
838 3470 867 3525 in
885 3470 928 3524 die
945 3469 1001 3526 vor'
1024 3471 1179 3542 eStellung
1196 3489 1285 3542 gegen
1302 3470 1398 3526 einen·

233 3538 280 3593 der
297 3539 399 3621 erfolgt
415 3539 460 3594 ist.
478 3539 540 3662 Vffl.
559 3539 615 3594 Cic.
634 3559 720 3595 somn.
739 3539 810 3620 Scip.
829 3544 853 3603 ἵ,
873 3543 905 3592 16
923 3539 980 3594 und
1018 3558 1047 3594 ss
1065 3539 1239 3596 Bruchsn'iclr
1256 3540 1303 3622 des
1320 3539 1398 3594 Hor-

233 3610 339 3662 tensius
356 3609 402 3664 ber
420 3609 482 3663 Tac.
520 3609 565 3663 rel.
585 3613 625 3662 16.
694 3611 733 3663 ut
751 3615 799 3663 sit
821 3632 846 3656 =
868 3608 1326 3678 ut(gesetetdessMoloturd1es
1347 3627 1397 3664 ns·

232 3676 296 3731 telis
314 3677 511 3733 revirentibus.
581 3677 730 3734 etiamne
747 3676 854 3732 lrornmt
872 3696 925 3732 nur
943 3677 972 3732 in
990 3696 1023 3732 ne
1043 3678 1135 3733 ativen
1151 3679 1259 3748 Fregen
1277 3695 1334 3732 vor.
1356 3697 1398 3734 or.

232 3763 258 3816 p.
276 3745 345 3801 Sest.
365 3752 405 3812 14,
424 3751 457 3800 32
475 3747 593 3802 etiamne
612 3746 713 3801 edicere
731 3747 831 3800 audeas
850 3751 900 3800 -l
1040 3765 1095 3802 aec
1118 3766 1185 3802 non
1203 3750 1302 3801 erent
1319 3747 1399 3802 eius

232 3814 292 3894 qui
309 3814 367 3870 ‘des
385 3817 482 3871 ziemte
500 3815 558 3870 sich
576 3816 654 3870 nicht
671 3815 717 3870 fur
734 3815 812 3870 einen
829 3815 924 3875 Menn,
943 3814 1005 3869 der'.
1105 3820 1216 3872 mente
1233 3834 1398 3897 peragre-

231 3887 350 3938 vrsset.
385 3885 473 3940 Ueber
500 3884 552 3938 den
578 3884 744 3954 Gonjunctiv
771 3903 792 3938 s.
816 3888 935 3948 ruet,
956 3888 996 3939 15.
1031 3883 1082 3939 Die
1099 3885 1195 3940 Worte
1212 3903 1338 3940 erinnern
1360 3905 1399 3940 an

230 3951 340 4007 Lucret.
352 3953 412 4008 175
431 3972 512 4008 omne
522 3953 685 4008 immensum
713 3953 850 4023 eregrevit
861 3956 951 4008 mente
963 3953 1115 4034 animoque.
1133 3953 1268 4010 Aehnlich
1286 3953 1399 4024 spricht

232 4020 302 4075 such
320 4020 367 4076 der
383 4023 528 4103 Epicureer
546 4022 590 4104 bei
607 4022 662 4105 Cic
700 4040 713 4076 e
731 4026 789 4077 nat.
807 4021 1007 4103 deor.120,5e
1025 4041 1102 4077 curus
1121 4022 1185 4104 (dei)
1205 4041 1313 4096 operam
1329 4041 1397 4093 pro·

231 4089 812 4242 &deludereturceleliel
830 4095 1099 4230 {intellege
1121 4110 1280 4241 tute.
1299 4097 1396 4242 {lte

232 4226 298 4308 dens
315 4231 357 4284 rta
373 4229 428 4284 late
444 4228 575 4300 longeque
591 4247 654 4300 pere
689 4233 789 4293 inetur,
807 4237 840 4283 ut
857 4229 960 4284 nudam
977 4231 1070 4284 tamen
1087 4247 1163 4284 orem
1180 4229 1272 4284 ultum
1289 4229 1396 4294 videet,

231 4314 332 4367 mque
350 4298 437 4370 possit
455 4298 588 4354 insistere.
691 4297 879 4352 emocritus
898 4317 917 4353 s.
937 4317 970 4352 zu
987 4299 1003 4352 I
1021 4302 1044 4362 6,
1064 4302 1105 4353 17.
1127 4329 1130 4336 ·
