3024 4938
232 309 273 370 30
465 306 514 359 DE
533 304 684 360 FINIBUS
702 303 888 359 BONORUM
906 305 954 358 ET
972 304 1160 360 MALORUM

233 481 286 539 est
300 496 352 538 res
368 475 449 553 ulla,
475 496 557 558 quae
574 496 633 538 sua
648 481 766 538 natura
782 483 840 538 aut
855 474 1036 538 sollicitare
1052 475 1158 560 possit
1178 481 1236 538 aut
1257 496 1391 558 angere.

233 575 302 664 (42)
334 579 511 641 Praeterea
534 588 568 640 et
591 577 769 660 appetendi
792 585 826 640 et
849 575 1036 660 refugiendi
1060 582 1093 640 et
1122 577 1254 642 omnino
1283 599 1392 642 rerum

231 679 449 762 gerendarum
472 678 567 742 initia
589 678 843 762 proficiscuntur
866 685 924 742 aut
947 701 966 744 a
988 680 1161 763 voluptate
1193 687 1251 744 aut
1283 703 1302 742 a
1333 679 1393 742 do·

230 782 318 844 lore:
344 780 432 864 quod
449 803 522 845 cum
546 779 594 843 ita
617 780 672 858 sit,
697 780 905 864 perspicuum
929 787 981 844 est
1000 802 1113 845 omnes
1136 786 1244 845 restas
1266 802 1318 845 res
1343 787 1394 844 at-

232 905 294 965 que
317 882 501 946 laudabiles
525 903 563 946 eo
586 881 717 960 referri,
748 889 786 946 ut
810 905 883 946 eum
911 884 1085 967 voluptate
1114 883 1253 948 vivatur.
1301 883 1393 948 Quo-

225 983 318 1050 niam
342 983 511 1070 autemid
535 988 586 1048 est
608 984 662 1048 vel
685 1007 851 1048 summum
874 985 925 1048 vel
949 985 1105 1049 ultimum
1129 986 1183 1048 vel
1207 993 1395 1050 extremum

230 1087 391 1150 bonorum
413 1123 455 1133 -
485 1086 573 1170 quod
606 1085 726 1150 Graeci
757 1089 852 1162 τέλος
883 1087 1075 1166 nominant,
1099 1125 1140 1134 —
1165 1087 1252 1170 quod
1283 1087 1393 1171 ipsum

230 1189 356 1254 nullam
378 1188 420 1252 ad
442 1187 541 1250 aliam
564 1209 644 1266 rem,
678 1189 720 1252 ad
752 1189 786 1252 id
818 1194 929 1253 autem
961 1211 1013 1255 res
1045 1190 1232 1254 referuntur
1264 1212 1391 1268 omnes,

230 1291 403 1354 fatendum
426 1297 477 1354 est
501 1313 666 1354 summum
689 1312 760 1355 esse
784 1293 909 1356 bonum
930 1291 1073 1356 iucunde
1095 1291 1217 1358 vivere.

317 1391 417 1455 XIII.
465 1391 507 1456 Id
532 1393 587 1475 qui
609 1392 643 1456 in
675 1416 740 1456 una
767 1393 891 1458 virtute
913 1401 1041 1478 ponunt
1065 1400 1099 1457 et
1128 1393 1302 1478 splendore
1332 1417 1392 1456 no-

230 1493 327 1556 minis
352 1494 459 1577 eapti,
494 1494 572 1578 quid
595 1498 712 1558 natura
734 1495 904 1578 postulet,
937 1518 1003 1559 non
1026 1496 1248 1579 intellegunt,
1283 1517 1392 1561 errore

230 1594 383 1674 maximo,
409 1596 438 1659 si
459 1597 639 1680 Epicurum
662 1596 774 1660 audire
797 1597 980 1676 voluerint,
1011 1597 1253 1662 liberabuntur.
1298 1598 1392 1660 Istae

231 1697 317 1761 enim
341 1705 470 1762 vestrae
495 1698 633 1764 eximiae
662 1698 884 1782 pulchraeque
916 1699 1057 1764 virtutes
1088 1699 1152 1762 nisi
1182 1701 1393 1783 voluptatem

231 1797 412 1877 efficerent,
438 1799 510 1882 quis
534 1821 588 1863 eas
612 1807 670 1863 aut
691 1801 877 1864 laudabiles
901 1808 960 1864 aut
983 1801 1186 1885 expetendas
1215 1801 1392 1866 arbitrare-

230 1901 306 1964 tur?
350 1901 398 1963 Ut
422 1901 509 1965 enim
533 1903 736 1967 medicorum
764 1903 936 1968 seientiam
966 1927 1032 1967 non
1063 1904 1165 1986 ipsius
1197 1904 1297 1983 artie,
1331 1905 1393 1967 sed

231 2005 337 2067 bonae
354 2004 553 2068 valetudinis
578 2027 677 2069 eausa
699 2007 888 2091 probamus,
912 2013 947 2070 et
970 2007 1201 2089 gubernatoris
1224 2029 1288 2086 ars,
1314 2007 1393 2090 quia

229 2105 313 2170 bene
337 2106 515 2190 navigandi
537 2108 699 2172 rationem
722 2109 836 2187 habet,
862 2107 1021 2186 utilitate,
1046 2131 1113 2174 non
1136 2116 1206 2172 arte
1222 2109 1389 2187 laudatur,

231 2207 276 2270 sie
301 2208 474 2292 sapientia,
500 2232 582 2292 quae
605 2233 657 2274 ars
680 2210 814 2275 vivendi
836 2210 984 2293 putanda
999 2217 1061 2290 est,
1086 2234 1153 2275 non
1169 2215 1389 2295 expeteretur,

230 2310 258 2373 si
280 2310 364 2374 nihil
388 2314 551 2388 efficeret3
577 2333 664 2376 nune
688 2312 866 2396 expetitur,
891 2313 978 2395 quod
1002 2318 1054 2375 est
1076 2319 1246 2396 tamquam
1269 2312 1392 2376 artifex

231 2411 471 2494 conquirendae
496 2420 530 2476 et
554 2415 792 2498 comparandae
816 2414 1009 2498 voluptatis.
1057 2413 1124 2500 (43)
1148 2416 1256 2479 Quam
1279 2420 1392 2478 autern

232 2617 304 2667 uti.
374 2613 759 2672 sollicitare—auten
789 2635 849 2672 ere.
886 2617 1391 2674 EbensoverbindetOie.sollicitare

230 2685 257 2734 et
276 2699 374 2750 angere
396 2682 431 2736 ad
448 2683 509 2738 Art.
528 2684 543 2738 Ι
563 2688 603 2747 18,
624 2691 636 2738 1
660 2704 687 2740 u.
706 2685 741 2740 ad
759 2637 852 2752 {nint
872 2686 904 2742 fr.
923 2687 1010 2750 111³,
1031 2693 1053 2740 1.
1089 2687 1150 2758 Vgl.
1170 2687 1203 2741 de
1222 2706 1276 2742 sen.
1296 2693 1336 2752 19,
1356 2693 1390 2740 66

229 2749 334 2814 Quarta
350 2753 437 2804 restat
455 2769 544 2816 eausa,
564 2771 632 2822 quaa
649 2755 766 2810 maxime
784 2773 882 2826 angere
900 2759 982 2826 atque
1001 2756 1145 2810 sollicitam
1157 2755 1255 2811 habere
1267 2760 1392 2812 noemam

229 2821 348 2872 aetatem
365 2817 479 2874 videtur.

288 2885 349 2966 Η.
385 2905 492 2942 rerum
519 2889 744 2958 gerendarum
771 2891 875 2946 initia
900 2893 1178 2964 proficisauntur
1208 2893 1279 2947 ‘alles
1308 2893 1392 2947 'lhun

229 2959 385 3036 anteprlngt
402 2959 460 3010 aus'
479 2988 511 2996 -
531 2958 564 3013 de
583 2959 661 3012 amic.
681 2965 704 3023 9,
725 2964 758 3012 30
775 2979 831 3015 non
848 2966 914 3014 sunt
931 2965 1024 3016 tamen
1047 2962 1081 3017 ab
1105 2980 1197 3016 aarum
1220 2980 1266 3032 spe
1293 2980 1392 3016 causae

230 3023 359 3093 diligendi
374 3025 522 3146 profectae.
557 3027 687 3096 Nagelsb.
706 3031 748 3090 50,
768 3033 791 3083 3.
868 3029 906 3084 ad
925 3029 961 3083 id
980 3033 1093 3085 autem
1112 3035 1161 3084 ete.
1198 3032 1254 3086 Der
1271 3031 1391 3086 Relativ-

230 3095 372 3241 migale}
390 3165 554 3217 relerrentur
571 3182 656 3244 neque
674 3165 703 3219 id
720 3165 731 3220 i
750 3184 811 3219 sum
829 3185 945 3237 usquam
962 3167 1115 3223 referretur.
1134 3169 1159 3222 V
1177 3172 1201 3230 2,
1220 3173 1236 3221 4
1254 3186 1333 3238 quem
1351 3169 1392 3222 vi·

228 3227 290 3284 (lere
307 3229 400 3285 videor
411 3251 468 3285 —a
485 3232 600 3303 sedeque
611 3253 713 3304 ipsa-
724 3185 870 3290 timidarum
888 3235 963 3290 illam
980 3254 1072 3290 vocem
1089 3240 1165 3308 putu.
1185 3236 1286 3307 Zumpt
1304 3238 1391 3301 5806.

297 3315 354 3370 Das
372 3316 487 3372 hiiehste
504 3318 563 3373 Gut
580 3319 617 3373 ist
635 3319 712 3374 nieht
729 3320 759 3375 in
776 3320 821 3374 <lie
838 3323 952 3391 Tugend
970 3343 1004 3376 zu
1021 3325 1120 3386 setzen,
1139 3321 1210 3376 denn
1228 3321 1271 3376 die
1283 3323 1390 3393 Tugen·

229 3383 280 3438 den
299 3384 360 3463 sind
378 3385 456 3440 nieht
473 3405 509 3440 an
527 3388 583 3443 und
601 3388 647 3443 fur
665 3389 725 3470 sielr
740 3388 981 3460 begehrenswerth‚
1001 3390 1117 3445 sondern
1135 3411 1187 3445 nur
1204 3390 1264 3472 weil
1282 3391 1319 3444 sie
1332 3411 1393 3472 'uns

228 3471 265 3572 u
283 3455 573 3580 llltrlrngalrillail
590 3457 1392 3595 ullallh¹ii¹¹rl⁰bilnilllltffllallellfflielltlllill

229 3591 254 3654 (§
274 3593 316 3643 47.
336 3593 390 3656 48),
418 3543 621 3672 Tapferkeitug(§
642 3599 684 3659 49)
695 3568 768 3674 ”und
795 3597 998 3719 Gereahtigkeit
1024 3600 1050 3664 (ς
1069 3571 1182 3665 50-5’3)
1210 3597 1391 3653 nachweisen.

296 3659 391 3712 Istae
410 3676 498 3714 enim
516 3665 653 3718 vertrae
672 3667 820 3718 uirtutes
840 3669 889 3720 ete.
944 3666 1098 3735 iog.Laert.
1117 3666 1202 3719 Xl38
1222 3667 1269 3721 διὰ
1289 3667 1391 3736 δὲτὴν

409 3093 510 3177 ipsum)
529 3099 599 3149 setzt
617 3095 674 3150 einh
692 3097 722 3150 in
740 3097 817 3150 einen
836 3098 1099 3154 Demonstrativsatz
1119 3119 1173 3153 um.
1209 3101 1239 3153 II
1257 3103 1282 3161 2,
1302 3105 1317 3152 5
1336 3118 1391 3169 quo

229 3725 336 3812 ἡρονῂν
355 3733 402 3781 καὶ
421 3729 471 3792 τὰς
490 3728 594 3810 ὅιρετοὶρἸ
614 3735 775 3822 stipuletur,
797 3733 831 3789 οὐ
851 3733 884 3788 δι’
899 3734 994 3814 uritur,
1014 3735 1114 3860 &saep
1130 3742 1179 3805 τῆν
1199 3737 1325 3824 ἰατρικῂν
1339 3735 1390 3823 claui

228 3798 640 3939 {attenuantur
658 3801 1392 3947 elautus‚tlsalmua⁰rff

229 3930 280 3983 ἐὰν
299 3931 331 3984 δὲ
349 3933 387 4003 μὴ
406 3934 622 4054 παὲᾳσκευάζῃ,
638 3941 753 4016 χᾳίρειν
773 3941 881 3996 ἐατέον.
979 3941 1058 3996 bene
1076 3941 1264 4011 navigandi
1281 3928 1390 3995 ratio-

228 4015 302 4051 nem
321 3999 424 4054 habet
443 4007 449 4028 ‘
470 4019 494 4056 re
512 4003 642 4058 Methode
660 4024 689 4058 111
708 4006 765 4060 sich
784 4008 909 4064 sehliesst
927 4009 953 4063 d.
966 4010 992 4063 h.
1011 4010 1040 4063 in
1058 4009 1105 4064 der
1123 4009 1252 4064 Methode
1270 4008 1389 4074 besteht

229 4084 277 4120 zur
296 4066 345 4148 See
363 4068 499 4150 gliielxlieh
517 4072 783 4140 durehzulrommen',
801 4076 930 4147 Nagelsb.
952 4083 1009 4132 110.
1097 4079 1285 4149 sapientia,
1304 4096 1391 4147 quae

228 4153 281 4188 ars
299 4137 436 4192 vrvendr
453 4142 606 4220 putanda
625 4146 690 4207 est,
716 4145 767 4214 vgl.
785 4145 831 4198 III
850 4152 908 4211 2‚4
932 4165 976 4200 ars
994 4152 1036 4202 est
1053 4148 1125 4203 enim
1170 4147 1257 4202 hiloso
1276 4146 1322 4200 hia
1349 4147 1390 4200 vi-

228 4205 286 4270 tae;
305 4204 371 4288 V..⁶’
393 4211 424 4260 16
443 4210 551 4264 v1vendi
569 4228 613 4264 ars
632 4215 673 4266 est
689 4211 835 4283 prudentia
847 4245 880 4255 -
894 4215 938 4270 ein
956 4216 1008 4286 den
1024 4167 1208 4287 Philosoplren
1227 4167 1290 4270 elitr
1303 4215 1390 4269 Schu-

227 4272 270 4326 len
289 4273 436 4346 gelaufiger
454 4278 529 4332 Sata:
549 4280 565 4351 ἡ
586 4281 729 4355 φρόνησις
746 4287 876 4355 ποιητικὴ
895 4291 943 4356 τῆς
962 4285 1157 4357 εὐδαιμονίας.
1333 4293 1335 4302 ‘
