2942 4950
237 370 299 432 224
473 366 523 421 DE
541 365 692 422 TINlBUS
711 363 896 421 BONORUM
913 365 960 420 ET
979 363 1170 420 MALORUM

233 542 391 624 querunt,
424 558 491 600 non
522 558 652 623 semper
682 535 771 600 idem
794 535 902 600 dicere
926 536 1097 614 videntur,
1128 555 1194 599 nee
1218 534 1256 597 in
1279 555 1396 596 summa

233 645 346 703 tamen
375 637 447 721 ipsa
475 643 533 700 aut
564 637 707 702 varietas
741 643 793 702 est
824 637 894 700 ulla
925 636 1014 720 apud
1044 637 1105 699 hos
1137 635 1291 718 quidem,
1325 655 1396 716 quos

234 739 421 819 nominavi,
456 744 514 804 aut
543 739 632 804 inter
663 737 752 823 ipsos
785 738 959 804 dissensio·
1006 738 1072 802 Sed
1103 759 1181 801 cum
1212 737 1316 801 beata
1337 736 1397 798 vita

235 846 410 929 quaeratur
441 840 540 924 idque
572 840 617 904 sit
648 863 768 920 unum,
809 841 898 926 quod
934 839 1144 924 philosophia
1184 846 1340 924 spectare
1369 845 1397 900 et

235 945 330 1030 sequi
361 942 498 1030 debeatf,
527 943 618 1008 'sitne
652 965 690 1008 ea
721 947 794 1006 tota
825 942 890 1007 sita
921 943 956 1007 ia
986 946 1153 1027 potestate
1178 941 1342 1027 sapientis
1363 963 1395 1004 an

235 1047 343 1134 possit
365 1054 424 1112 aut
446 1045 642 1110 labefactari
664 1049 722 1110 aut
753 1045 835 1129 eripi
865 1045 965 1110 rebus
998 1045 1161 1124 adversis,
1200 1044 1237 1108 in
1271 1067 1310 1109 eo
1341 1065 1397 1106 non

236 1172 405 1234 nunquam
427 1146 547 1211 variari
569 1146 656 1212 inter
680 1169 736 1210 eos
753 1152 786 1212 et
806 1145 951 1211 dubitari
966 1147 1109 1211 videtur.
1143 1146 1251 1212 Quod
1267 1145 1395 1209 maxime

237 1251 342 1317 efficit
364 1249 586 1332 Theophrasti
611 1248 651 1313 de
674 1249 772 1314 beata
794 1250 864 1314 vita
887 1249 989 1327 liber,
1022 1249 1057 1313 in
1090 1273 1154 1334 quo
1178 1249 1329 1313 multum
1350 1246 1396 1308 ed·

236 1354 372 1420 modum
394 1351 548 1416 fortunae
572 1351 681 1416 datur.
729 1352 829 1417 Quod
852 1351 880 1416 si
903 1352 950 1416 ita
972 1374 1007 1415 se
1031 1353 1172 1433 habeat,
1209 1375 1280 1416 non
1302 1349 1396 1434 possit

239 1459 376 1522 beatam
398 1455 502 1519 vitam
524 1463 693 1539 praestare
717 1454 891 1541 sapientia.
936 1454 1028 1520 Haec
1056 1456 1137 1519 mihi
1165 1455 1306 1520 videtur
1327 1443 1395 1516 deli-

239 1559 362 1638 catior,
396 1565 434 1622 ut
465 1557 512 1623 ita
544 1557 671 1637 dicam,
708 1558 906 1641 molliorque
938 1559 1022 1622 ratio
1056 1581 1155 1643 quam
1188 1557 1327 1622 virtutis
1354 1553 1394 1618 vis

239 1661 451 1747 gravitasque
474 1661 635 1745 postulat.
682 1659 793 1726 Quare
823 1667 995 1724 teneamus
1019 1661 1245 1726 Aristotelem
1278 1666 1312 1724 et
1338 1657 1394 1720 eius

239 1765 346 1828 filium
367 1763 623 1841 Nicomachum,
651 1762 743 1826 cuius
775 1770 928 1828 accurate
957 1763 1073 1848 scripti
1095 1763 1135 1828 de
1159 1762 1310 1828 moribus
1330 1758 1394 1824 libri

242 1866 399 1930 dicuntur
421 1865 472 1927 illi
495 1865 629 1948 quidem
651 1885 724 1929 esse
747 1864 937 1944 Aristoteli,
962 1865 1020 1929 sed
1043 1887 1109 1930 non
1133 1865 1247 1944 video,
1274 1881 1394 1928 eurnon

240 1966 387 2054 potuerit
409 1966 511 2051 patris
535 1965 652 2030 similis
676 1986 747 2030 esse
775 1966 875 2032 filius.
922 1966 1191 2050 Theophrastum
1215 1974 1328 2031 tamen
1347 1961 1392 2026 ad·

241 2071 414 2136 hibeamus
437 2070 479 2133 ad
501 2070 668 2154 pleraque,
695 2069 773 2133 dum
795 2070 893 2134 modo
917 2069 993 2153 plus
1016 2069 1051 2134 in
1073 2069 1202 2135 virtute
1224 2076 1390 2138 teneamus,

243 2195 341 2258 quam
372 2172 430 2237 ille
461 2172 590 2250 tenuit,
623 2171 791 2236 firmitatis
824 2178 859 2235 et
889 2171 1029 2236 roboris.
1076 2169 1135 2255 (13)
1165 2172 1282 2236 Simus
1307 2166 1393 2252 igitur

243 2275 393 2341 contenti
414 2275 478 2338 his.
524 2274 677 2359 Namque
700 2276 816 2339 horum
849 2274 975 2358 posteri
1005 2274 1159 2339 meliores
1193 2275 1249 2339 illi
1279 2269 1394 2356 quidem

242 2401 316 2443 mea
348 2377 514 2442 sententia
546 2398 644 2460 quam
680 2377 880 2461 reliquarum
917 2377 1109 2462 philosophi
1145 2375 1392 2462 disciplinarum>

244 2481 303 2546 sed
325 2481 374 2545 ita
396 2480 622 2563 degenerant,
646 2486 685 2543 ut
708 2479 772 2563 ipsi
794 2500 836 2544 ex
858 2501 892 2543 se
916 2479 988 2544 nati
1011 2500 1083 2544 esse
1105 2479 1297 2544 videantur.
1339 2469 1394 2535 Pri·

243 2607 335 2648 mum
358 2582 579 2667 Theophrasti
601 2584 714 2646 Strato
746 2582 922 2667 physicum
954 2605 988 2648 se
1020 2583 1148 2647 voluit:
1182 2583 1220 2648 in
1253 2601 1316 2666 quo
1344 2569 1393 2638 etsi

246 2691 298 2750 est
320 2704 477 2767 magnus,
509 2689 624 2747 tamen
654 2705 740 2746 nova
763 2684 919 2767 pleraque
944 2689 978 2748 et
999 2705 1163 2768 perpauca
1188 2684 1231 2748 de
1253 2675 1390 2746 moribus.

245 2838 406 2916 suchungen
433 2834 466 2888 de
484 2835 529 2888 off.
547 2835 578 2888 H
597 2838 637 2914 lQ,
657 2839 689 2888 35
717 2853 779 2889 cum
806 2834 906 2889 veritas
933 2836 993 2890 isa
1018 2836 1131 2892 limatur
1157 2836 1189 2892 in
1217 2827 1392 2905 disputatiope·

246 2904 334 2979 quod
352 2923 386 2958 ιι]
404 2903 667 2958 commentarris
684 2903 904 2973 reliquerunt
922 2855 973 2958 ‘die
991 2905 1031 2960 sie
1047 2905 1078 2960 in
1095 2904 1173 2959 ihren
1192 2900 1392 2960 Commentaness

246 2973 442 3029 hinterliessen'
459 2972 488 3026 d.
508 2971 535 3026 h.
553 2971 583 3026 in
600 2970 679 3026 ihren
695 2971 913 3036 Denkbiichern,
941 2972 985 3029 die
1003 2973 1041 3029 sie
1059 2993 1094 3028 zu
1111 2973 1200 3028 ihrem
1218 2973 1327 3042 eigenen
1342 2960 1392 3042 qdssf

247 3043 321 3097 ihrer
332 3039 610 3096 FreundeGebrauch
627 3041 744 3096 verfasst
762 3041 867 3104 hatten,
886 3041 950 3098 aber
966 3041 1011 3097 bei
1029 3042 1088 3097 sich
1106 3041 1244 3097 behielten
1261 3035 1316 3094 und
1331 3027 1393 3086 111⁰l¹l

246 3109 442 3180 herausgaben.
501 3109 739 3181 Theophrasti
757 3109 912 3166 debeata
930 3112 1004 3166 vite
1021 3111 1122 3166 liber:
1141 3108 1305 3188 espistolae
1328 3103 1391 3178 orias

247 3180 318 3235 nach
335 3179 416 3248 Diog.
435 3177 527 3234 Laert.
545 3179 572 3232 V
589 3183 629 3232 43.
648 3179 728 3234 Auoh
746 3179 825 3234 Tusc.
843 3180 869 3232 V
887 3185 912 3244 9,
930 3184 964 3234 24
983 3180 1107 3236 erwiihnt
1125 3179 1182 3235 cie.
1203 3180 1277 3234 disse
1312 3164 1390 3226 chnst‘

247 3251 359 3304 vexatur
378 3251 470 3302 autem
489 3247 719 3318 (Theophrastus)
739 3247 773 3302 ab
791 3247 936 3312 omnibus,
954 3249 1074 3319 primum
1101 3249 1131 3303 in
1159 3266 1190 3303 eo
1218 3246 1303 3308 libro,
1326 3248 1391 3319 quem

248 3318 357 3389 scripsit
375 3317 407 3371 de
424 3316 482 3371 vita
502 3315 597 3379 beata,
625 3317 655 3371 in
672 3335 726 3388 quo
744 3317 832 3371 multa
850 3316 992 3388 disputat,
1019 3335 1102 3388 quam
1120 3317 1155 3371 ob
1173 3335 1231 3372 rem
1249 3315 1272 3368 is
1290 3308 1390 3386 qmutcr·

247 3389 371 3458 queatur,
390 3385 438 3455 qui
456 3385 598 3449 crucietur,
617 3384 713 3439 beatus
732 3403 788 3438 esse
807 3404 861 3440 non
878 3386 974 3456 possit.
1056 3386 1150 3441 ratio
1168 3369 1390 3451 ‘Lebensansreht

248 3453 439 3596 {leihtis
452 3444 1390 3578 sennenrs1teresarcirentur

249 3611 304 3657 nes,
323 3590 442 3646 sondern
459 3589 561 3644 diesem
578 3589 730 3660 gewidmet.
1134 3592 1138 3601 '

318 3658 367 3713 13.
404 3657 529 3713 sedita
548 3659 770 3728 degenerant:
790 3659 845 3714 fast
863 3659 902 3713 im
921 3659 1004 3714 Sinne
1022 3660 1093 3714 eines
1111 3660 1301 3715 Priiteritums.
1326 3647 1389 3720 Tull·

248 3729 279 3782 Π
296 3733 337 3792 25,
357 3731 390 3780 60
409 3727 545 3782 Zenonem
562 3727 744 3797 significabat,
764 3747 780 3782 a
798 3747 851 3798 quo
869 3727 947 3783 illum
965 3729 1125 3799 degenerare
1142 3728 1258 3784 dolebat
1332 3715 1389 3769 Pr1·

249 3815 336 3850 mum
363 3796 451 3850 Theo
482 3796 596 3849 hrasti
623 3797 743 3851 Strato
770 3800 820 3852 etc.
856 3797 926 3851 Hier
943 3797 1047 3853 und-in
1065 3798 1117 3852 den
1135 3797 1277 3869 folgenden
1294 3785 1390 3843 W01l⁰¹¹

249 3865 332 3918 huius
350 3863 433 3932 Lyco,
452 3814 534 3918 dirius
557 3865 651 3920 Aristo
678 3865 813 3920 schwebte
840 3864 895 3920 Cio.
919 3865 1062 3936 jedenfalls
1090 3867 1139 3921 das
1165 3867 1204 3922 im
1229 3861 1335 3926 Anfang
1356 3863 1388 3918 ἔθ’

250 3931 382 3987 brauchte
400 3932 498 3985 horum
514 3934 617 4002 posteri
634 3952 690 3998 vor,
710 3934 774 3989 aber
791 3952 821 3988 er
837 3952 954 4004 vorgass,
974 3935 1036 3990 dass
1054 3939 1178 4016 posterus
1197 3935 1226 3989 in
1244 3933 1289 3986 der
1304 3919 1388 3980 Btdssl'

250 4004 321 4070 tung
338 4018 391 4054 von
418 4018 554 4055 successor
580 4003 643 4057 oder
669 4003 779 4057 auditor
804 4003 1100 4074 nicht‘gebriiuehlrch
1126 4003 1173 4059 sei.
1193 4033 1222 4044 -
1242 3999 1329 4056 Strato
1351 3998 1389 4040 ³⁰⁵

249 4070 417 4139 Lampsacus
436 4069 466 4123 in
477 4069 508 4124 Μ
528 4071 593 4134 sien,
611 4072 778 4142 Nachfolger
796 4071 842 4125 des
860 4071 1031 4144 Theophrast
1049 4072 1106 4127 und
1120 4077 1151 4126 18
1163 4072 1247 4126 Jahre
1262 4069 1322 4132 lang
1337 4059 1388 4122 (Von

251 4157 273 4192 e.
292 4141 429 4192 aee-268
447 4139 512 4194 uc
546 4143 565 4208 .)
584 4141 732 4195 Vorsteher
749 4140 795 4194 der
819 4141 1050 4211 peripatetischen
1077 4141 1188 4205 Schule,
1216 4139 1284 4220 utriq
1302 4130 1387 4198 ellop-

251 4207 382 4280 μώτατος
399 4213 447 4263 καὶ
466 4210 590 4277 φυσικὸς
608 4211 782 4280 ἐπικληθείς,
803 4209 883 4280 Diog.
901 4210 992 4266 Laert.
1011 4211 1036 4262 V
1055 4213 1096 4264 58.
1166 4210 1348 4332 Iphysrdssffl
1363 4201 1388 4239 ⁵³

1192 4298 1201 4332 1

1202 4297 1226 4332 v.
1244 4269 1309 4330 XXI
1324 4255 1386 4320 42⁹2

251 4275 364 4330 voluit
382 4276 464 4330 ntiml.
483 4295 548 4339 esse,
568 4276 675 4346 ‘ergab
693 4277 752 4331 sich
771 4277 817 4331 fiir
835 4278 912 4333 einen
930 4278 1064 4350 Physiker
1082 4281 1148 4334 aus'.

145 4399 147 4404 ,
253 4361 280 4397 se
298 4344 411 4414 quisque
430 4363 491 4398 eum
509 4345 634 4416 optabat,
651 4363 730 4416 quem
749 4347 860 4401 fortuna
878 4348 908 4402 in
926 4347 954 4402 id
972 4352 1108 4403 certamen
1126 4347 1231 4418 legeret.
1318 4338 1386 4387 Νη
