2942 4950
325 304 386 358 Lm.
404 303 453 359 IV.
489 303 554 359 Cer.
572 303 769 358 XXI-XXIL
807 305 835 370 ξς
854 308 964 358 59-61.
1165 305 1228 369 205

69 479 174 560 potest
198 496 274 540 esse
298 475 472 539 dissensio.
519 474 613 540 Nihil
637 481 689 539 est
712 475 800 538 enim
823 475 863 539 de
888 497 952 558 quo
976 475 1073 540 aliter
1095 479 1133 538 tu
1155 495 1228 538 sen·

68 579 124 642 tias
147 584 253 661 atque
280 599 353 662 ego,
378 578 476 642 modo
502 578 714 642 commutatis
737 578 846 642 verbis
873 577 963 662 ipsas
994 600 1046 642 res
1080 577 1228 643 confera·

69 703 144 743 mus.
191 680 272 744 Nec
295 683 358 744 hoc
380 680 438 744 ille
461 701 528 744 non
550 679 654 758 vidit,
689 680 747 743 sed
775 681 950 744 verborum
981 678 1229 763 magnificentia

72 789 174 846 estet
198 781 309 866 gloria
335 782 537 847 delectatus:
578 782 685 866 quisi
708 803 756 861 ea,
782 804 865 865 quae
889 782 981 860 dicit,
1006 781 1054 845 ita
1077 781 1227 860 sentiret,

70 891 101 947 ut
119 885 226 950 verba
250 883 462 968 significant,
497 885 575 968 quid
598 884 684 948 inter
707 907 783 948 eum
806 891 840 948 et
863 884 916 949 vel
939 887 1142 969 Pyrrhonem
1174 885 1229 948 vel

73 988 261 1052 Aristonem
283 989 481 1052 interesset?
527 987 585 1051 Sin
609 995 720 1052 autem
745 1009 800 1050 eos
833 1010 899 1051 non
931 987 1116 1071 probabat,
1150 987 1230 1070 quid

73 1091 201 1155 attinuit
226 1111 304 1154 cnm
327 1090 378 1168 iis,
404 1090 600 1174 quibuscum
616 1110 650 1153 re
666 1090 872 1168 concinebat,
897 1089 1006 1154 verbis
1023 1089 1229 1173 discrepare?

79 1192 124 1276 (il)
148 1192 254 1272 Quid,
281 1193 310 1256 si
331 1193 531 1257 reviviscant
553 1191 703 1257 Platonis
726 1192 778 1255 illi
802 1200 836 1256 et
858 1193 1014 1277 deinceps
1038 1192 1094 1277 qui
1116 1214 1230 1257 eorum

75 1296 233 1360 auditores
259 1295 396 1360 fuerunt
427 1303 462 1359 et
493 1303 604 1358 tecum
636 1293 683 1358 ita
715 1295 913 1378 loquantur?
960 1295 1042 1358 ‘Nos
1076 1317 1150 1360 cum
1181 1301 1228 1372 te,

74 1397 113 1460 M.
139 1398 246 1479 Cato,
284 1397 564 1462 studiosissimum
586 1397 835 1482 philosophiae,
869 1397 1085 1462 iustissimum
1109 1400 1227 1477 virum,

76 1500 228 1582 optimum
251 1501 408 1580 iudicem,
433 1500 720 1584 religiosissimum
743 1504 876 1580 testem,
902 1501 1099 1580 audiremus,
1125 1502 1229 1566 admi-

76 1602 130 1665 rati
150 1625 289 1682 sumus,
313 1604 394 1688 quid
418 1607 505 1666 esset
529 1623 586 1666 cur
608 1602 704 1666 nobis
728 1603 860 1668 Stoicos
884 1603 1084 1684 anteferres,
1110 1605 1230 1688 quide

78 1707 162 1771 rebus
183 1708 287 1772 bonis
311 1715 346 1771 et
368 1707 464 1770 malis
488 1705 652 1770 sentirent
675 1727 732 1784 ea,
766 1729 851 1789 quae
882 1709 922 1770 ab
955 1709 1019 1771 hoc
1050 1709 1230 1773 Polemone

82 1809 154 1873 Zeno
176 1817 396 1897 cognoverat,
420 1809 609 1874 nominibus
632 1812 804 1874 uterentur
824 1810 875 1888 iis,
901 1831 983 1893 quae
999 1809 1105 1894 prima
1121 1811 1230 1895 specie

82 1911 343 1990 admirationem,
367 1935 402 1978 re
426 1912 592 1996 explicata
614 1911 715 1976 risum
739 1921 921 1976 moverent.
968 1913 1019 1976 Tu
1037 1920 1169 1993 autem,
1203 1914 1232 1977 si

78 2013 131 2078 tibi
150 2016 209 2082 illa
232 2017 480 2103 probabantur,
515 2037 572 2078 cur
593 2037 660 2078 non
683 2015 823 2099 propriis
846 2015 956 2079 verbis
978 2016 1037 2079 illa
1067 2016 1229 2084 tenebas?

78 2115 175 2184 sinte
198 2121 383 2186 auctoritas
407 2119 657 2195 commovebat,
690 2119 828 2182 nobisne
861 2119 1013 2182 omnibus
1041 2125 1075 2181 et
1097 2118 1230 2182 Platoni

79 2218 133 2302 ipsi
153 2225 267 2288 nescio
293 2244 391 2306 quem
413 2221 509 2286 illurn
532 2221 781 2303 anteponebas‘?
818 2221 1013 2305 praesertim
1042 2243 1116 2285 eum
1139 2221 1230 2286 inre

80 2326 201 2403 publiea
222 2327 378 2412 princeps
403 2347 474 2389 esse
497 2324 601 2386 velles
625 2323 666 2386 ad
682 2344 820 2406 eamque
837 2324 996 2388 tuendam
1013 2345 1086 2388 curn
1103 2347 1231 2390 summa

79 2431 128 2490 tua
149 2429 318 2513 dignitate
346 2426 488 2492 maxime
512 2448 530 2489 a
553 2424 649 2490 nobis
682 2427 790 2494 ornari
823 2435 921 2511 atque
953 2427 1073 2491 instrui
1104 2448 1229 2512 posses.

81 2529 104 2588 A
126 2531 219 2595 nobis
245 2532 334 2595 enim
356 2530 421 2593 ista
437 2529 597 2612 quaesita,
622 2549 640 2592 a
664 2529 760 2594 nobis
784 2529 961 2615 descripta,
986 2537 1114 2609 notata,
1138 2551 1231 2616 prae-

81 2639 167 2713 cepta
189 2641 290 2711 sunt,
321 2633 532 2716 omniumque
555 2653 664 2696 rerum
687 2633 895 2717 publicarum
918 2625 1075 2698 rectionis
1098 2655 1231 2718 genera,

80 2737 188 2814 status,
213 2736 431 2834 mutationes,
455 2736 549 2818 leges
573 2735 674 2800 etiam
697 2743 731 2799 et
754 2736 910 2802 instituta
932 2759 971 2801 ac
994 2759 1101 2802 mores
1118 2737 1232 2800 civita·

79 2837 143 2898 tum
163 2839 428 2924 perscripsimus.
474 2838 694 2921 Eloquentiae
717 2861 815 2918 vero,
850 2861 933 2923 quae
965 2847 1000 2903 et
1031 2839 1233 2924 principibus

80 2941 211 3007 maximo
240 2949 433 3007 ornamento
458 2944 511 3005 est
534 2947 569 3005 et
592 2946 712 3024 quate
736 2943 886 3006 audimus
910 2943 1019 3006 valere
1043 2943 1233 3027 plurimum,

83 3049 230 3116 quantum
256 3045 320 3109 tibi
352 3066 392 3107 ex
423 3041 646 3106 monumentis
679 3043 800 3108 nostris
833 3043 1015 3107 addidisses
1024 3044 1040 3108 l'
1086 3045 1135 3107 Ea
1159 3065 1234 3106 cum

85 3135 245 3226 dixissent,
272 3146 351 3230 quid
372 3145 509 3210 tandem
532 3144 657 3208 talibus
681 3144 759 3209 viris
780 3146 1026 3230 responderes?
1071 3144 1135 3230 (62)
1167 3147 1232 3208 Ro-

85 3392 142 3451 Neo
159 3401 216 3458 hoo
236 3403 293 3458 ille
310 3421 377 3456 non
395 3401 501 3465 vidit,
520 3401 579 3456 sed
603 3399 667 3455 ‘und
686 3399 743 3454 dies
762 3403 808 3455 ent
829 3401 876 3472 'ng
903 3400 973 3454 auch
999 3399 1077 3454 nicht
1104 3398 1254 3452 derAuf··

86 3467 271 3527 merlisamkeit
290 3472 384 3535 Zenos,
403 3470 483 3526 aber’.
520 3487 558 3524 or.
576 3488 602 3540 p.
620 3470 680 3524 Mil.
698 3473 740 3532 32,
759 3474 792 3522 86
847 3488 876 3524 eo
902 3488 964 3524 vero
991 3487 1047 3524 non
1074 3467 1167 3522 eadem
1193 3468 1234 3521 ira

87 3529 187 3593 deorum
204 3541 277 3595 hanc
295 3541 352 3594 eius
370 3540 534 3595 satellitibus
561 3539 656 3592 iniecit
682 3539 839 3592 amentiam.
874 3540 941 3592 Erat
968 3538 1011 3593 die
1038 3536 1151 3592 Dichter
1177 3535 1235 3590 und

86 3599 269 3664 Schriruteller
280 3609 472 3664 dersilbernen
483 3607 624 3662 Latinitdt
641 3605 812 3677 gebrauohen
829 3625 878 3661 nso
895 3627 958 3671 non,
977 3607 1049 3661 ohne
1067 3624 1094 3660 es
1113 3625 1146 3660 zu
1164 3608 1235 3659 tren·

87 3685 139 3749 ¹¹9³·
156 3677 256 3749 Zumpt
274 3681 287 3743 ἓ
307 3683 366 3732 ἵ54.
384 3677 499 3748 Madvig
517 3679 530 3742 5
549 3681 600 3730 460
617 3677 699 3730 Anm.
720 3681 742 3728 l.
829 3695 866 3730 re
884 3675 1102 3739 concinebat,
1120 3674 1237 3730 verbis

87 3734 281 3820 (l1screpare.
316 3746 591 3808 denatdeonI‘l,
611 3749 642 3798 16
669 3744 808 3798 Antiocho
826 3745 898 3798 enim
916 3744 1002 3800 Stoici
1020 3762 1082 3798 cum
1099 3743 1236 3815 Peripate·

88 3807 143 3864 bers
158 3833 186 3868 re
203 3815 342 3871 concinere
359 3815 494 3879 videntur,
512 3813 601 3868 verbis
620 3813 777 3884 discrepare.

148 3881 195 3936 tl.
230 3885 391 3940 Platonis
408 3885 466 3939 illi
483 3882 565 3937 niiml.
585 3882 731 3947 auditores,
750 3901 805 3938 was
817 3900 867 3937 aus
886 3882 946 3937 dem
964 3881 1109 3954 folgenden
1127 3900 1161 3936 zu
1179 3883 1235 3934 ent·

89 3945 194 4006 nehmen
210 3953 257 4008 ist.
293 3954 320 4008 S.
338 3969 373 4008 au
391 3971 413 4009 c.
432 3957 485 4015 ΒΛ
505 3952 576 4006 Zeno
595 3955 622 4006 et
640 3951 674 4006 ab
693 3969 725 4005 eo
741 3951 790 4020 qui
807 3955 881 4005 sunt.
951 3951 1066 4006 nescio
1084 3968 1179 4020 quem
1197 3949 1235 4002 il·

88 4008 146 4070 lum
172 4020 259 4105 ‘jenen
275 4040 304 4077 so
322 4040 392 4093 ganz
410 4021 628 4102 Unbekanpten’.
664 4021 795 4091 Zumpt§
816 4023 875 4074 701.
920 4089 926 4101 ἱ
957 4020 1175 4101 omniumque
1192 4036 1236 4096 re·

90 4091 383 4226 {ldmtlllttztl
395 4094 573 4224 tittf'tff
587 4087 1088 4230 traddndlsgllltdlglt
1106 4087 1235 4210 tlt-”tt

91 4220 190 4295 nchtig,
224 4231 251 4285 S.
269 4231 295 4284 V
312 4235 337 4294 4,
357 4235 387 4283 11
407 4229 442 4284 ad
460 4245 550 4283 rerum
568 4227 738 4298 publicarum
755 4231 903 4282 rectionem
929 4228 1022 4283 relata.
1058 4225 1112 4280 Oio.
1131 4223 1236 4294 spricht

89 4299 139 4342 von
154 4292 203 4351 (len
219 4298 428 4354 verschisdenen
443 4299 530 4353 Asten
548 4297 596 4351 der
613 4297 859 4367 Staatsregierung.
