3024 4938
418 305 481 361 Iun.
499 307 523 362 I.
559 307 624 362 CAP.
642 308 810 364 XX-XXI.
851 312 879 376 ἐξ
899 314 1009 365 70-72.
1249 317 1289 379 4Ὶ

122 475 273 560 quietae,
297 475 418 540 beatae
436 477 525 540 vitae
549 477 748 568 deduceret?
774 478 841 542 uui
865 481 953 563 quod
976 479 1041 545 tibi
1063 505 1179 564 parum
1200 483 1290 548 vide·

31 593 34 598 ·
122 583 182 642 tur
205 577 375 658 eruditus,
410 600 448 642 ea
471 600 570 644 eausa
593 585 664 658 est,
699 581 787 663 quod
818 582 946 646 nullam
968 583 1186 649 eruditionem
1218 609 1290 652 esse

125 680 240 758 duxit,
269 679 334 744 nisi
358 702 441 763 quae
465 680 584 745 beatae
606 680 695 745 vitae
725 681 933 767 disciplinam
955 684 1102 754 iuvaret.
1149 685 1212 772 (72)
1235 691 1291 754 An

124 783 185 847 illc
207 790 343 866 tempus
367 790 425 846 aut
447 780 481 846 in
504 783 612 868 poetis
636 785 848 864 evolvendiS,
878 791 917 850 ut
939 807 1002 872 ego
1027 796 1061 852 et
1084 789 1227 854 Triarius
1256 797 1290 857 te

123 891 298 952 hortatore
322 885 472 966 facimus,
499 895 719 968 consumeret,
745 889 779 952 in
803 890 922 974 quibus
946 893 1039 956 nulla
1062 893 1169 958 solida
1197 895 1289 959 utili-

124 1001 179 1056 tas
202 991 376 1076 omnisque
399 991 534 1075 puerilis
559 1003 610 1056 est
639 993 838 1072 delectatio,
873 1002 932 1059 aut
948 981 1011 1074 se,
1043 1003 1082 1061 ut
1105 997 1222 1076 Plato,
1255 999 1289 1062 in

124 1095 273 1174 muricia,
299 1095 492 1180 geometria,
516 1096 672 1178 numeris,
698 1096 795 1162 astris
820 1106 1018 1178 contereret,
1043 1122 1125 1183 quae
1143 1108 1177 1163 et
1193 1123 1212 1164 a
1226 1101 1289 1164 fal·

123 1199 169 1262 sis
193 1198 298 1264 initiis
321 1197 471 1282 profecta
493 1221 570 1264 vera
593 1221 665 1264 esse
688 1224 754 1264 non
777 1208 920 1285 possunt
943 1207 988 1282 et,
1014 1203 1042 1267 si
1065 1210 1177 1267 essent
1199 1225 1286 1283 vera,

120 1301 209 1366 nihil
233 1301 400 1379 afferrent,
425 1324 489 1384 quo
512 1301 687 1366 iucundius
694 1351 705 1381 ,
728 1302 763 1366 id
787 1308 838 1366 est
862 1325 926 1386 quo
949 1305 1068 1368 melius
1091 1305 1287 1384 viveremuS,

120 1424 243 1466 —eas
267 1423 346 1486 ergo
369 1407 457 1466 artes
479 1410 743 1488 persequeretur,
768 1403 901 1469 vivendi
924 1408 1029 1469 artem
1051 1413 1182 1470 tantam
1203 1412 1288 1470 tam·

121 1529 189 1592 que
212 1528 385 1590 operosam
409 1514 444 1569 et
466 1506 602 1590 perinde
625 1507 829 1572 fructuosam
852 1508 1077 1592 relinqueret?
1108 1510 1186 1574 Non
1209 1532 1287 1594 ergo

120 1611 289 1695 Epicurus
312 1609 510 1688 inerudituS,
536 1610 594 1674 sed
617 1610 640 1674 ii
662 1610 801 1690 indocti,
828 1611 896 1694 qui,
916 1634 999 1697 quae
1022 1633 1141 1696 pueros
1157 1636 1223 1677 nou
1239 1613 1288 1677 di·

127 1711 246 1776 dicisse
268 1717 365 1796 turpe
389 1719 460 1790 est,
492 1734 531 1776 ea
553 1720 676 1796 putant
697 1735 802 1796 usque
826 1714 868 1780 ad
891 1721 1100 1780 senectutem
1122 1736 1193 1779 esse
1221 1714 1288 1779 dis-

128 1816 241 1882 cenda.
289 1815 383 1879 Quae
408 1837 483 1878 cum
506 1815 666 1894 dixisset,
699 1814 893 1901 Explicavi,
927 1817 1054 1901 inquit,
1087 1817 1288 1882 sententiam

121 1941 243 1998 meam,
267 1926 303 1982 et
321 1939 360 1982 eo
377 1917 510 2002 quidem
527 1918 676 1997 consilio,
700 1926 796 1982 tuum
811 1918 970 1984 iudicium
986 1925 1024 1983 ut
1039 1940 1285 2003 cognoscerem,

121 2043 205 2106 quae
229 2020 310 2085 mihi
334 2020 492 2102 facultas,
526 2027 564 2084 ut
586 2021 621 2085 id
644 2041 716 2084 meo
740 2020 905 2085 arbitratu
927 2021 1089 2101 faceram,
1123 2022 1286 2085 antehoc

119 2129 255 2209 tempus
277 2115 446 2207 nunquam
470 2129 523 2187 est
546 2123 636 2187 data.
731 2193 740 2202 ,

118 2296 308 2367 beigefuhrtes
326 2293 484 2366 Wortspiel.
568 2293 654 2363 quod
673 2293 800 2347 nullam
819 2291 1052 2346 eruditionem
1072 2309 1142 2345 esse
1160 2291 1246 2346 dixit
1263 2310 1284 2348 a.

117 2368 301 2428 metm

192 2432 239 2488 72.
275 2434 305 2488 in
322 2432 440 2503 poetis
459 2430 673 2494 evolvendis,
691 2431 746 2502 vgl.
765 2449 788 2486 e.
808 2434 831 2494 ἵ,
850 2434 882 2484 25
900 2432 1043 2500 poetarum
1062 2427 1188 2484 evolutio.
1250 2447 1284 2484 se

118 2535 151 2544 -
171 2503 207 2557 iu
225 2501 418 2557 musicis-
438 2505 647 2556 contereret:
671 2499 870 2572 gewohnlichcr
888 2516 970 2569 sagon
989 2497 1033 2552 die
1050 2497 1177 2554 Lateiner
1196 2497 1283 2553 otium

116 2590 203 2628 suum
221 2570 265 2625 cd.
282 2577 390 2642 tempus
409 2574 546 2626 conterere
562 2570 593 2624 in
611 2569 702 2639 aliqua
719 2587 757 2624 re.
774 2568 838 2639 vgl.
855 2569 881 2621 V
899 2572 941 2632 20,
960 2570 993 2621 5⁷
1011 2567 1041 2622 iu
1058 2567 1138 2622 rebus
1157 2585 1283 2637 quaereu-

117 2643 161 2697 dis
181 2639 400 2722 explicandisque
418 2643 522 2694 aetates
540 2646 685 2694 conterere.
722 2637 755 2692 de
773 2638 850 2692 amic.
869 2641 911 2701 27,
930 2641 979 2692 104
997 2636 1027 2690 in
1045 2636 1144 2706 quibus
1162 2635 1282 2704 (studiis)

115 2713 220 2766 remoti
237 2709 272 2763 ab
290 2708 375 2763 oculrs
392 2707 486 2780 populi
504 2725 585 2764 omne
604 2706 723 2762 otiosum
741 2709 796 2760 tem
816 2724 849 2760 us
867 2704 1055 2760 contrivimus.
1150 2722 1233 2774 quae
1250 2711 1283 2759 et

116 2778 257 2836 afalsis
274 2777 389 2832 initiis
406 2777 560 2847 profecta
585 2780 635 2831 etc.
670 2775 751 2830 Diese
805 2778 864 2829 orte
880 2791 977 2845 passer
996 2774 1073 2828 nicht
1090 2773 1166 2828 recht
1183 2792 1218 2828 zu
1235 2792 1282 2828 nu·

116 2849 203 2904 meris
220 2845 278 2902 und
296 2846 386 2909 astris,
405 2845 469 2900 aber
486 2845 541 2900 Cic.
560 2844 666 2910 dachte,
685 2845 724 2899 als
743 2862 771 2898 er
782 2843 877 2898 Musik
894 2842 952 2898 und
973 2842 1126 2898 Geometrie
1144 2842 1282 2908 anfrihrte,

115 2937 154 2972 an
174 2915 368 2971 Zahlenkunde
385 2914 442 2968 und
458 2915 642 2969 Astronomie.
740 2931 795 2968 eas
814 2915 1013 2982 ergoartes.
1048 2912 1122 2982 Ergo
1140 2910 1216 2965 dient
1232 2930 1282 2966 zur

115 2984 379 3041 Wiederaufnahme
396 2981 444 3037 der
460 2983 694 3038 unterbrochenen
712 2981 796 3037 Reda.
814 2981 845 3036 II
863 2986 886 3045 Β,
906 2985 947 3035 23.
966 2981 1044 3036 Tuae.
1062 2980 1088 3035 V
1106 2984 1148 3042 20,
1169 2984 1201 3034 03
1218 2999 1245 3035 u.
1256 2983 1281 3036 ὃ.

114 3053 261 3128 perinde
288 3055 502 3109 fructuosam
530 3053 567 3106 ‘in
590 3052 722 3123 gleichem
741 3049 913 3104 Verhiiltniss
940 3049 1098 3113 fruchtbaf,
1125 3048 1177 3119 aig.
1195 3052 1282 3104 artem

114 3133 179 3180 tam
198 3140 337 3194 operosam
354 3126 382 3176 et
400 3121 569 3177 fructuosam
586 3121 697 3190 perinde
714 3123 747 3173 ut
765 3136 914 3190 operosam.
1002 3123 1097 3172 tuum
1115 3117 1282 3172 iudicium

114 3197 162 3248 ut
180 3207 430 3262 cognoscerem.
464 3190 545 3245 Auch
563 3189 612 3243 das
630 3188 709 3243 finale
727 3193 759 3240 ut
777 3187 844 3242 wird
862 3186 941 3240 nicht
958 3185 1043 3241 selten
1061 3185 1147 3238 durch
1165 3186 1209 3239 ein
1226 3186 1281 3255 sig·

115 3262 261 3317 nificantes
277 3260 359 3314 Wort
377 3259 624 3330 zurticlrgedrtngt.
660 3256 767 3310 desen.
786 3259 828 3319 20,
848 3259 881 3309 74
908 3253 954 3308 sed
978 3255 1029 3308 hoc
1056 3253 1219 3307 meditatum
1246 3253 1281 3307 ab

113 3329 302 3386 adulescentia
321 3329 402 3384 debet
420 3345 485 3393 esse,
503 3331 618 3382 mortem
636 3330 669 3380 ut
687 3324 871 3394 neglegamus.
895 3322 971 3377 Caes.
991 3322 1015 3376 b.
1035 3339 1056 3376 c.
1074 3321 1120 3375 111
1138 3325 1207 3386 ‘lac
1224 3321 1285 3392 ipse

113 3405 151 3456 ut
171 3397 297 3455 omnibus
315 3397 400 3468 copiis
418 3397 572 3451 Domitium
591 3394 790 3466 aggrederetur.
