2974 4950
332 300 395 355 Lus.
414 301 447 354 V.
484 301 549 355 (111.
567 300 806 358 XXIII-XXIV.
844 305 872 368 ἐξ
892 307 1002 358 66-69.
1186 309 1247 372 261

79 467 207 550 quibus
229 470 327 534 rebus
350 470 420 534 vita
443 473 653 538 consentiens
678 471 924 557 virtutibusque
940 475 1142 558 respondens
1158 483 1249 540 recte

79 581 117 634 et
142 574 286 636 honesta
310 580 344 638 et
360 581 517 639 coustsns
542 583 577 639 et
599 583 737 640 neturus
762 598 947 660 congruens
971 577 1150 642 existimari
1174 587 1249 664 pot·

78 685 148 737 est.
213 674 274 760 (67)
298 678 411 759 Atque
442 677 522 741 hoec
553 678 742 742 coniunctio
773 678 987 763 confusioque
1011 680 1174 744 virtutum
1196 688 1247 747 ts·

77 797 162 839 men
190 799 207 840 s
234 777 443 862 philosophis
472 779 601 844 ustione
626 779 766 863 quedem
789 780 1016 865 distinguitur.
1063 783 1249 848 Nemeum

75 878 129 942 its
155 881 330 964 oopulstse
354 902 563 965 conexaeque
587 883 671 962 sint,
701 888 740 946 ut
762 905 876 947 omnes
901 884 1047 948 omnium
1068 886 1248 970 participes

78 983 165 1061 sint,
188 1005 249 1050 nec
273 984 339 1046 elia
360 985 401 1049 eb
425 985 489 1050 slis
511 987 618 1069 possit
642 986 800 1071 separari,
824 991 938 1050 temen
960 987 1127 1072 proprium
1151 1011 1247 1052 suum

77 1085 242 1168 cuiusque
270 1107 388 1149 munus
417 1093 485 1166 est,
518 1094 558 1150 ut
579 1087 746 1151 fortitudo
772 1087 806 1152 in
835 1089 1003 1153 laboribus
1028 1080 1248 1173 periculisque

78 1191 248 1266 cernetur,
272 1189 493 1272 temperantis
515 1189 549 1252 in
571 1189 876 1274 praetermittendis
901 1191 1147 1276 voluptatibus,
1171 1214 1247 1276 pru·

79 1289 199 1354 dentis
219 1289 254 1352 in
277 1289 405 1354 dilectu
427 1292 590 1354 bonorum
612 1293 849 1371 etmalorum,
883 1292 1012 1358 iustitis
1039 1293 1073 1357 in
1097 1316 1155 1357 suo
1180 1295 1247 1357 cui-

79 1413 146 1474 que
170 1391 360 1458 tribuendo.
407 1392 548 1456 Quando
580 1393 685 1478 igitur
715 1394 804 1458 inest
834 1394 868 1457 in
901 1395 991 1458 omni
1022 1396 1146 1460 virtute
1171 1417 1248 1460 cure

80 1495 246 1578 quaedem
269 1493 363 1577 qussi
387 1494 475 1558 foras
499 1503 654 1579 spectans
677 1496 825 1578 aliosque
850 1502 1011 1580 appetens
1035 1504 1136 1580 etque
1160 1519 1247 1562 com-

79 1599 246 1682 plectens,
271 1597 403 1662 exsistit
423 1598 519 1676 illud,
543 1605 583 1661 ut
604 1597 711 1677 amici,
736 1605 775 1662 ut
790 1598 922 1679 fratres,
945 1607 985 1662 ut
1000 1600 1185 1684 propinqui,
1210 1606 1249 1664 ut

81 1700 214 1778 affines,
237 1706 276 1762 ut
299 1700 400 1778 cives,
426 1705 464 1762 nt
487 1721 600 1765 omnes
625 1700 766 1785 denique
795 1739 826 1748 -
856 1701 1011 1786 quonism
1025 1725 1125 1766 unam
1144 1702 1247 1766 socie·

80 1811 189 1868 tatem
213 1803 384 1868 hominum
407 1826 479 1868 esse
503 1805 656 1870 volumus
685 1841 727 1852 -
751 1811 886 1888 propter
909 1827 944 1868 se
968 1805 1146 1890 expetendi
1169 1805 1246 1868 sint.
1287 1821 1289 1824 ·

83 1907 190 1992 Atqui
215 1929 329 1970 eorum
350 1907 435 1970 nihil
458 1917 510 1971 est
533 1908 602 1972 eius
626 1907 768 1992 generis,
793 1915 832 1971 ut
855 1907 957 1971 sitin
981 1911 1045 1970 line
1069 1913 1168 1990 etque
1192 1929 1247 1971 ex·

80 2019 191 2074 tremo
215 2009 388 2074 bonorum.
436 2009 580 2093 (68)Ι11
609 2010 648 2074 fit
677 2017 716 2072 ut
745 2010 809 2074 duo
833 2030 954 2092 genere
976 2015 1112 2094 propter
1135 2029 1170 2098 se
1193 2031 1247 2071 ex·

81 2097 304 2196 petendorum
326 2113 548 2196 reperientur,
581 2135 699 2191 unum,
734 2112 823 2196 quod
846 2117 898 2176 est
921 2112 955 2174 in
983 2111 1039 2190 iis,
1070 2111 1104 2175 in
1129 2111 1247 2196 quibus

83 2216 272 2300 completur
293 2215 377 2278 illud
411 2218 611 2294 extremum,
645 2235 727 2298 quse
757 2221 836 2278 sunt
867 2221 926 2278 sut
954 2212 1054 2278 enimi
1086 2221 1143 2278 sut
1177 2233 1248 2276 cor-

81 2319 189 2404 poriss
214 2320 295 2382 haec
319 2324 442 2398 eutem,
468 2340 551 2401 quse
575 2325 654 2382 sunt
677 2317 899 2396 extrinsecus,
932 2317 967 2381 id
991 2324 1058 2395 est,
1085 2338 1167 2399 quse
1189 2337 1247 2379 ne·

82 2445 146 2506 que
170 2423 204 2486 in
226 2423 334 2486 animo
358 2421 472 2486 insunt
489 2443 596 2506 neque
615 2422 648 2484 in
666 2443 812 2505 corpore,
838 2427 877 2484 ut
893 2419 1000 2497 amici,
1027 2426 1065 2483 ut
1080 2425 1246 2504 parentes,

82 2535 121 2590 ut
143 2525 251 2604 liberi,
275 2533 314 2588 ut
337 2524 522 2610 propinqui,
546 2532 585 2588 ut
607 2525 679 2608 ipss
701 2524 824 2608 petria,
850 2529 929 2586 sunt
952 2522 1010 2586 ille
1034 2522 1167 2606 quidem
1190 2545 1249 2584 sua

82 2635 203 2712 sponte
226 2651 312 2707 cers,
338 2628 396 2692 sed
419 2628 535 2692 eodem
557 2629 591 2692 in
615 2650 747 2712 genere,
773 2649 838 2711 quo
861 2625 930 2705 ille,
956 2648 1022 2690 non
1046 2632 1136 2689 sunt.
1174 2625 1248 2689 Nec

81 2751 161 2794 vero
185 2753 330 2814 unquam
353 2751 517 2793 summum
540 2731 666 2794 bonum
689 2730 821 2814 assequi
854 2728 1025 2814 quisquam
1057 2730 1186 2812 posset,
1220 2727 1249 2790 si

83 2835 195 2898 omnis
216 2834 291 2913 ille,
318 2855 401 2917 quse
425 2843 504 2897 sunt
527 2843 637 2912 extre,
664 2855 861 2917 quemquam
886 2831 1087 2918 expetenda,
1120 2853 1247 2894 summo

82 2937 172 3025 bono
197 2937 456 3002 continerentur.
504 2937 631 3000 XXIV.
667 2935 732 3020 (69)
757 2936 832 3017 Quo
853 2937 952 2999 modo
968 2935 1082 3018 igitur,
1106 2933 1246 3016 inquies,

157 3125 204 3181 67.
239 3127 441 3181 coniunctio
468 3124 696 3193 confusioque
722 3123 895 3178 virtutum
923 3123 1032 3193 ‘indige
1050 3141 1117 3194 enge
1135 3121 1248 3176 Verbin-

83 3195 162 3266 dung
179 3195 226 3250 der
296 3194 383 3250 enden
400 3198 483 3250 untes·
500 3193 645 3257 sinsudcr’,
674 3193 718 3246 ein
736 3192 830 3260 hiiufig
853 3191 1005 3246 erethnter
1027 3190 1184 3246 Grundssts
1202 3188 1249 3242 der

84 3265 263 3319 stoischenE
300 3265 335 3318 ’11,
354 3263 662 3354 Diog.Irsert.VHl25
681 3263 731 3324 τὰς
750 3262 782 3316 δὲ
802 3260 906 3386 riperto
924 3263 1058 3342 ltqoooss
1078 3258 1248 3339 descrobes·

83 3338 155 3390 θεῖν
176 3332 309 3405 ἀλλήλαις
327 3337 376 3388 καὶ
394 3355 443 3389 τον
467 3338 537 3407 μίαν
565 3335 667 3402 ἔχοντα
695 3329 792 3393 πάσας
831 3350 905 3401 χειν.
926 3359 954 3367 -
976 3328 1036 3382 Wse
1054 3327 1177 3382 confusio
1195 3345 1249 3380 von

85 3403 133 3456 der
151 3402 346 3472 Vereinigung,
365 3419 396 3456 so
414 3401 565 3472 gebraucht
582 3400 638 3456 cic.
657 3398 706 3454 des
718 3398 839 3453 Verbum
857 3396 1021 3453 confundere
1037 3397 1077 3452 im
1094 3397 1178 3450 Since
1195 3411 1249 3450 vou

83 3471 262 3541 coniungere:
281 3471 361 3525 Tusc.
379 3471 395 3526 I
414 3477 454 3535 11,
473 3475 515 3525 23.
533 3470 567 3524 de
585 3471 629 3525 off.
647 3470 662 3523 I
680 3472 722 3531 27,
740 3472 782 3521 95.
800 3468 830 3521 ΙΙ
847 3471 872 3529 8,
893 3471 933 3520 10.
951 3465 985 3520 de
1003 3470 1071 3520 oret.
1089 3467 1119 3519 II
1137 3465 1248 3529 41,177.

84 3541 121 3594 in
149 3556 210 3595 suo
237 3540 359 3610 cuique
386 3539 585 3594 tribuendo:
622 3539 719 3593 ebenso
736 3536 839 3605 richtig
856 3535 895 3589 ist
911 3536 990 3589 Brut
1009 3539 1050 3598 21,
1069 3537 1102 3588 85
1121 3535 1149 3588 in
1168 3551 1249 3588 suum

86 3603 1042 3744 lltttlllltltbdldltszlltultttltltlt
1078 3603 1111 3657 (¹⁰
1129 3602 1173 3658 ur.
1190 3601 1206 3654 ¹
1223 3605 1248 3665 ⁵’

154 3745 206 3800 68.
243 3733 305 3800 ille
323 3747 460 3816 quidem
480 3745 587 3800 -sed
612 3765 635 3800 s.
653 3763 687 3799 zu
705 3744 871 3807 1111o‚34.
976 3757 1177 3820 quemquem
1195 3755 1248 3820 ex·

84 3815 244 3900 petenda.
261 3815 313 3869 Die
330 3815 511 3886 Anwsnduug
527 3833 581 3870 von
616 3829 765 3883 numquam
784 3812 854 3866 ohne
866 3809 986 3865 Verbum
1004 3807 1088 3863 findet
1106 3808 1165 3862 srch
1182 3807 1249 3860 heu·

84 3889 152 3956 1811
170 3889 229 3940 erst
245 3884 289 3939 bei
306 3882 361 3940 den
377 3889 503 3956 spiiteren
516 3833 748 3956 ‘Schriltstsllerm
779 3880 822 3935 bei
840 3879 895 3934 Oio.
914 3897 967 3934 nur
990 3877 1061 3932 noch
1087 3877 1122 3932 sd
1141 3877 1205 3931 fem.
1224 3875 1250 3929 V

86 3959 109 4018 8,
128 3960 146 4008 4
164 3953 238 4025 quod
255 3971 308 4017 me,
326 3971 492 4024 quemquem
511 3971 527 4007 e
544 3953 663 4024 pucritia
682 3969 732 4005 sue
751 3967 862 4030 semper,
880 3953 974 4002 tamen
990 3947 1042 4002 hoc
1061 3950 1181 4016 ternpore
1194 3963 1248 4000 me·

85 4024 157 4078 xime
176 4022 248 4077 sicut
265 4022 380 4078 alterum
398 4025 539 4094 parentem
558 4023 585 4076 st
603 4021 728 4076 observet
747 4023 774 4073 et
792 4017 884 4088 diligit
910 4016 967 4071 und
997 4016 1032 4070 ud
1049 4013 1155 4096 Att3V
1174 4017 1247 4075 10‚1

86 4109 255 4162 quemquem
272 4093 331 4146 sine
345 4091 380 4146 iis
417 4109 445 4145 er
463 4091 588 4161 meipso,
606 4088 806 4169 temensorius
825 4086 950 4156 vestigiis
968 4085 1025 4140 tuis
1044 4086 1165 4162 momtns
1177 4078 1210 4134 de
1222 4083 1250 4132 te

86 4162 252 4232 cogitsbsm.
272 4189 302 4200 -
323 4161 375 4214 Die
391 4109 557 4214 donoession
575 4159 683 4214 bcziebt
700 4157 759 4212 srch
777 4155 829 4210 anf
843 4154 895 4210 den
913 4155 978 4209 Sstz
1001 4172 1056 4207 non
1075 4151 1251 4232 continentur

86 4229 303 4291 summobono,
323 4229 420 4284 dessen
437 4247 471 4282 ne
491 4228 578 4282 ativer
598 4227 666 4282 sinn
684 4227 723 4280 im
741 4224 978 4280 Oonditionelsstz
996 4224 1020 4278 si
1037 4220 1252 4280 continerentur,

86 4315 168 4355 nemo
186 4315 309 4368 uuquam
327 4315 465 4352 summum
503 4313 587 4352 onum
606 4299 814 4365 consequeretur
831 4293 979 4364 verborgen
997 4291 1043 4346 ist.

1469 4467 1472 4559 l
