3020 4948
462 324 521 374 nn.
538 319 592 374 111.
610 319 675 374 cn.
693 319 742 374 VI.
761 321 790 385 ιι
809 322 920 374 20-22.
1188 321 1249 386 135
1350 291 1351 296 ’
1433 273 1479 396 '‘'j'i

99 490 169 573 legi,
194 488 272 573 quid
294 491 339 554 sit
361 490 451 573 quod
472 511 549 555 vere
572 491 696 554 bonum
719 461 825 574 possit
848 489 925 554 dici.
973 486 1031 573 (21)
1064 489 1175 554 Prima
1197 498 1249 554 est
1333 475 1334 478 ¹

97 591 177 656 enim
200 591 389 656 conciliatio
412 591 556 656 hominis
580 591 622 656 ad
646 613 703 671 ea,
738 613 821 676 quae
845 599 924 656 runt
947 592 1129 656 secundum
1151 599 1249 656 natu·

96 717 171 758 ram:
197 695 296 759 simul
319 702 431 760 autem
454 695 542 780 cepit
565 693 832 779 intellegentiam
855 694 910 758 vel
932 694 1103 759 notionem
1125 695 1247 779 potius,

97 821 184 880 quam
208 798 380 883 appellant
403 801 534 864 ἔννοιαν
556 797 626 875 illi,
650 785 809 880 'viditque
840 819 950 861 rerum
973 796 1174 880 agendarum
1198 820 1249 862 or·

97 899 198 962 dinem
221 907 268 978 et,
292 907 332 964 ut
353 900 401 964 ita
425 900 544 978 dicam,
570 899 790 978 concordiam,
814 901 920 963 multo
944 921 1016 964 eam
1030 900 1134 985 pluris
1150 899 1249 964 aesti-

96 1001 189 1066 mavit
212 1025 312 1086 quam
337 1002 447 1067 omnia
469 1002 538 1081 illa,
563 1023 647 1086 quae
669 1000 775 1085 prima
802 1001 976 1082 dilexerat,
1001 1009 1100 1087 atque
1123 1001 1171 1064 ita
1195 1023 1248 1074 co·

95 1103 236 1188 gnitione
261 1112 297 1168 et
319 1104 448 1171 ratione
471 1103 630 1190 collegit,
663 1109 702 1168 ut
724 1108 888 1168 statueret
910 1105 945 1168 in
976 1128 1014 1188 eo
1048 1105 1250 1169 collocatum

96 1225 251 1273 summum
275 1206 361 1271 illud
392 1207 536 1272 hominis
569 1229 627 1292 per
659 1229 694 1270 se
725 1207 929 1273 laudandum
961 1213 995 1271 et
1028 1207 1250 1293 expetendum
1366 1247 1368 1250 ·
1397 1221 1399 1224 '
1450 1221 1479 1302 5,

95 1309 220 1389 bonum,
246 1311 337 1394 quod
353 1332 426 1374 cum
442 1311 590 1395 positum
613 1311 657 1374 sit
679 1309 714 1374 in
737 1331 787 1390 eo,
812 1310 901 1394 quod
925 1309 1108 1395 ὁμολογίαν
1123 1309 1248 1388 Stoici,

96 1434 147 1475 nos
168 1413 377 1497 appellemus
401 1413 741 1492 convenientiam,
768 1413 796 1476 si
818 1414 930 1498 placet
952 1440 1009 1476 -ι
1049 1436 1124 1478 cum
1146 1413 1251 1498 igitur

96 1513 123 1577 in
144 1537 180 1580 eo
204 1517 250 1580 sit
273 1516 317 1580 id*
330 1516 466 1596 bonum,
491 1540 556 1600 quo
578 1517 752 1582 referenda
767 1522 846 1581 sunt
860 1517 980 1596 omnia,
1005 1521 1144 1583 honeste
1160 1516 1271 1582 facta.
1367 1549 1386 1560 -

96 1615 261 1702 ipsumque
278 1620 468 1698 honestum,
493 1619 581 1703 quod
598 1620 706 1683 solum
720 1618 867 1683 inbonis
883 1619 1026 1698 ducitur,
1051 1640 1250 1703 quamquam
1312 1681 1313 1684 ,
1447 1609 1479 1674 ᾧ)

96 1728 163 1802 post
184 1719 303 1800 oritur,
327 1728 440 1785 tamen
462 1719 497 1784 id
520 1721 629 1784 solum
651 1721 686 1785 vi
708 1745 767 1785 sua
790 1728 824 1785 et
847 1720 1011 1805 dignitate
1027 1720 1250 1805 expetendum

98 1826 154 1898 θεῖς
179 1843 297 1886 eorum
320 1828 442 1900 autem,
468 1844 552 1905 quae
576 1829 655 1886 sunt
670 1823 776 1906 prima
791 1829 940 1900 naturae,
965 1829 1100 1907 propter
1115 1845 1150 1885 se
1166 1821 1251 1885 nihil
1354 1847 1355 1850 ¹
1393 1843 1401 1850 ’·

99 1929 141 1987 est
161 1925 399 2009 expetendum.
439 1924 503 2009 (22)
529 1925 614 1989 Cum
636 1925 806 2002 remilla,
833 1947 917 2009 quae
941 1926 1052 1989 officia
1075 1946 1146 1988 esse
1170 1923 1249 2002 dixi,

96 2029 341 2110 proficiscantur
364 2029 405 2094 ab
428 2028 532 2092 initiis
555 2035 712 2107 naturae,
736 2050 871 2093 necesse
896 2035 948 2091 est
971 2049 1008 2092 ea
1031 2028 1073 2092 ad
1096 2029 1177 2092 haec
1200 2049 1250 2091 re·

97 2129 174 2211 ferri,
198 2139 236 2196 ut
255 2139 347 2196 recte
370 2131 438 2196 dici
459 2131 566 2217 possit
590 2131 700 2195 omnia
723 2130 834 2196 officia
856 2151 894 2195 eo
918 2130 1043 2208 referri,
1067 2137 1107 2193 ut
1129 2129 1250 2212 adipis·
1347 2187 1348 2190 ,
1390 2167 1420 2206 3
1455 2115 1457 2118 ⁵

98 2253 197 2298 camur
218 2234 384 2320 principia
406 2241 554 2314 naturae,
580 2256 641 2298 nec
664 2242 776 2298 tamen
800 2240 838 2296 ut
861 2236 923 2297 hcc
948 2233 991 2296 sit
1015 2234 1177 2296 bonorum
1200 2231 1250 2296 ul·

98 2336 212 2418 timum,
238 2343 417 2423 propterea
440 2338 528 2422 quod
549 2361 617 2401 non
639 2337 727 2400 inest
748 2337 782 2399 in
804 2335 918 2422 primis
941 2342 1079 2400 naturae
1095 2334 1250 2399 concilia-

157 2543 204 2599 21.
235 2543 342 2599 simul
364 2566 389 2588 =
411 2543 584 2612 simulatque.
636 2561 768 2613 quama
797 2540 1177 2614 pellanttvroeovilli.
1196 2541 1250 2595 Un-

98 2613 133 2664 ter
150 2615 263 2669 ἔννοιαι
279 2611 443 2666 werstanden
461 2612 504 2692 die
523 2612 632 2666 Stoiker
650 2561 795 2682 cigentlich
813 2612 967 2683 diejenigen
989 2610 1124 2683 Begriffe,
1154 2609 1252 2664 welche

98 2678 274 2737 hinetlerisch
292 2680 349 2735 uud
367 2679 539 2735 methodiaeh
556 2681 676 2751 gebildet
692 2679 798 2735 werden
815 2684 857 2748 (so
875 2681 955 2748 hier).
991 2679 1036 2734 Sie
1052 2680 1171 2735 nahmen
1189 2678 1253 2733 aber

98 2749 159 2804 auch
175 2770 228 2806 von
249 2750 343 2804 Natnr
361 2748 417 2804 und
435 2749 561 2804 hunstlos
585 2750 763 2804 entetandene
787 2769 822 2804 an
846 2750 938 2821 (Diog.
955 2750 1047 2804 Laert.
1065 2749 1122 2803 VH
1139 2753 1172 2802 54
1191 2749 1252 2804 ἔστι

99 2817 125 2872 lt
141 2820 156 2888 ἡ
174 2822 328 2908 πρόληψις,
341 2822 439 2874 ἔννοια
482 2821 600 2899 vervona
618 2817 741 2900 'bedient
818 2820 853 2873 in
871 2837 907 2874 eo
925 2819 954 2873 in
972 2818 1080 2900 treierer
1096 2816 1187 2871 Weise
1205 2815 1256 2870 auf

97 2887 728 3028 ltttttgttlltl)sttcllttmlttil:
746 2885 1252 3032 ⁸⁰¹¹⁸lull⁰t,⁵2⁰l0l⁶tt¹²⁸st²llll

98 3026 171 3080 nimi.
191 3047 207 3082 a
226 3026 348 3098 pellant,
366 3040 420 3079 was
439 3024 671 3106 ausvappellemue·
687 3043 734 3105 per
745 3023 879 3106 'syllepsin
898 3043 933 3079 zu
950 3025 1113 3080 entnehmen
1131 3024 1176 3078 ist.
1211 3023 1252 3077 IV

98 3095 133 3170 li,
151 3099 182 3148 74
199 3048 269 3152 liiaec
287 3093 512 3174 παράδοξαιιΠι,
531 3112 581 3148 nos
599 3093 771 3174 admirahiha
789 3092 920 3148 dicamus.
938 3093 1152 3173 Acad.111,·40
1187 3110 1252 3147 uam

99 3159 138 3239 lile
154 3169 340 3234 φαντασίαν,
366 3181 417 3217 noe
434 3181 524 3217 meum
542 3181 576 3232 ap
596 3162 705 3216 ellemus
722 3162 793 3216 hcet.
812 3191 845 3202 ·-
865 3163 936 3216 Zeno
954 3162 1073 3217 forderte
1091 3161 1136 3216 dre
1153 3111 1251 3215 lideber-

99 3233 291 3308 ernstimmung
309 3231 361 3287 mit
379 3231 437 3285 sich
456 3230 540 3312 selbst
558 3233 811 3307 (cpoloyouplvor
831 3234 899 3300 ζῆν),
928 3229 1073 3286 Cleanthes
1093 3229 1136 3283 die
1153 3228 1251 3283 Ueber·

98 3301 289 3383 ernstimmung
307 3301 354 3354 dee
371 3299 477 3356 hebens
495 3303 548 3354 m1t
565 3299 612 3354 der
629 3299 722 3354 Natur
746 3300 775 3365 (ὁ
800 3301 1000 3376 ολογααμένως
1018 3305 1051 3368 τῆ
1070 3295 1160 3368 φύσει
1180 3300 1250 3367 ζῆν).

96 3365 186 3425 Beidee
204 3369 366 3427 hezerchnet
383 3368 427 3423 die
446 3370 587 3445 ὁμολογία
605 3375 656 3424 τοῦ
673 3367 740 3492 piton
760 3370 770 3434 (
798 3367 852 3438 iog.
870 3368 961 3422 laert
979 3355 1039 3422 Vll
1054 3368 1099 3431 89)
1119 3363 1183 3418 oder
1202 3365 1252 3420 wie

98 3433 189 3493 Seneca
207 3442 273 3510 sagt
290 3439 349 3492 vita
367 3437 421 3492 sibi
438 3455 550 3492 concors
576 3440 627 3508 (ep.
646 3437 673 3490 X
689 3437 757 3499 Vl,
777 3439 820 3503 15)
848 3435 912 3492 oder
930 3435 1073 3490 concordia
1092 3433 1177 3487 animi
1208 3431 1252 3500 (de
1366 3453 1369 3458 ’
1427 3433 1428 3436 ’

97 3503 148 3560 vita
165 3508 247 3563 beata
265 3512 290 3571 8,
309 3509 346 3574 6).
401 3525 474 3561 oum
492 3506 617 3576 igitur:
636 3506 692 3561 Cio.
710 3505 810 3560 nimmt
828 3505 872 3560 die
890 3504 942 3559 mit
959 3504 1033 3574 quod
1051 3522 1113 3558 cum
1149 3501 1251 3556 celtum

98 3571 131 3626 sit
145 3575 306 3649 begonnene
318 3574 440 3640 Periode,
459 3573 502 3629 die
515 3574 601 3629 durch
619 3575 672 3629 den
680 3575 848 3630 Relativeatz
866 3574 896 3630 in
914 3592 945 3628 eo
963 3572 1036 3644 quod
1054 3521 1251 3627 unterhrochen

97 3658 154 3706 war,
172 3647 273 3702 wieder
291 3645 346 3699 auf.
441 3661 480 3697 uo
498 3644 680 3698 referenda
698 3644 772 3698 sint
790 3641 904 3698 omnia
922 3661 943 3696 a.
961 3661 996 3696 zu
1013 3642 1028 3697 1
1047 3646 1070 3705 9,
1089 3643 1131 3694 29.
1201 3639 1251 3692 ho·

97 3717 189 3790 neste
207 3716 313 3770 faeta.
349 3713 405 3767 Mit
418 3663 516 3768 diesen
534 3713 648 3768 Worten
665 3713 780 3783 beginnt
798 3711 844 3765 der
862 3710 1010 3788 Nachsatn.
1046 3709 1097 3764 Die
1115 3706 1252 3762 einzelnen

97 3781 284 3854 uttlichguten
293 3780 479 3852 Handlungen
498 3784 577 3848 (κατα
600 3781 734 3854 θώματα,
755 3784 789 3836 αἱ
803 3779 860 3835 κατ’
877 3779 980 3855 ἀρετὴν
999 3779 1132 3852 πράξαις)
1151 3775 1253 3832 sowohl

99 3847 135 3900 tls
151 3849 199 3907 das
217 3851 398 3921 Sittliohgnte
416 3850 517 3914 solbet,
544 3803 658 3906 weichee
675 3850 824 3921 gleichsam
842 3849 886 3904 die
902 3848 995 3915 Quelle
1012 3849 1058 3906 fiir
1078 3848 1141 3928 jene
1158 3845 1251 3926 bildet

99 3920 203 3974 miiseen
221 3921 335 3992 hegchrt
352 3919 467 3975 werden.
485 3920 543 3974 Das
560 3918 681 3974 Verbum
699 3917 878 3988 expetendum
897 3922 939 3973 est
956 3919 1031 3973 steht
1048 3918 1087 3972 im
1105 3917 1181 3986 Sing.
1200 3919 1252 3969 mit

98 3981 185 4058 Bezng
203 3990 256 4044 auf
269 3989 322 4045 den
339 3988 574 4059 praevalierenden
591 3988 698 4060 Begriff
712 3987 758 4041 des
782 3987 944 4050 honestum,
971 3985 1084 4042 welches
1111 3984 1197 4039 durch
1223 3981 1252 4037 id

100 4056 164 4109 noch
182 4058 282 4114 eiumal
298 4057 518 4128 hervcrgehoben
536 4057 611 4112 wird.
709 4073 913 4126 quamquam
931 4061 1012 4127 post
1031 4055 1151 4108 oritur.
1176 4053 1252 4132 'Erat

101 4139 172 4178 wenn
195 4127 239 4182 die
264 4127 357 4182 Natur
383 4127 475 4182 weiter
492 4126 680 4181 fortschreitet
698 4124 754 4179 und
773 4125 909 4179 Verstand
935 4124 992 4179 und
1011 4123 1149 4178 Vernunft
1175 4121 1252 4174 ihren

100 4187 192 4250 Dienet
209 4196 345 4260 versehen,
364 4199 454 4251 treten
472 4195 515 4249 die
534 4213 583 4250 aus
601 4195 663 4250 dem
679 4194 827 4249 honestum
844 4191 1043 4249 entstehenden
1061 4190 1165 4246 eittlich
1204 4191 1252 4244 ten

102 4257 279 4336 Handlungen
297 4285 331 4320 zu
348 4266 429 4388 Tage.
465 4263 702 4335 expetendum:
721 4280 839 4334 genauer
856 4262 927 4317 nach
945 4260 993 4317 der
1010 4260 1148 4316 etoieohen
1165 4207 1253 4312 {pm

102 4334 165 4388 wire
181 4333 350 4390 sumendum.
407 4374 413 4388 .
431 4350 465 4388 zu
484 4335 497 4398 §
516 4335 559 4387 20.
