3020 4948
497 345 560 402 Lrs.
578 347 614 399 II.
650 345 715 400 Cin.
735 347 756 399 1.
793 348 917 411 §§1·3.
1247 349 1287 411 49

113 527 195 583 tum
219 523 341 600 post-ea
363 494 562 580 translatum
586 515 626 578 ad
643 515 859 600 philosophos
876 523 1007 580 nostros
1024 528 1123 580 esset.
1155 515 1197 600 (2)
1222 517 1288 582 Sed

124 622 292 699 stillum,
318 642 415 704 quem
437 619 615 698 nominavi,
640 624 675 682 et
698 625 825 684 ceteros
850 619 1028 702 sophistae,
1053 626 1091 683 ut
1114 601 1288 685 ePlatone

128 723 282 808 intellegi
304 729 433 808 potest,
457 725 549 786 lusos
572 722 723 786 videmus
747 745 766 785 a
790 724 938 786 Socrate.
984 723 1019 785 Is
1043 722 1130 786 enim
1152 744 1289 806 percon-

125 827 228 891 tando
255 834 357 910 atque
379 825 616 909 interrogando
649 825 767 888 elicere
798 824 929 888 solebat
962 845 1073 888 eorum
1106 825 1287 909 opiniones,

126 929 327 1014 quibuscum
351 927 555 1006 disserebat,
589 934 627 990 nt
651 927 692 991 ad
715 948 773 1006 ea,
807 949 890 1010 quae
913 926 937 990 ii
958 925 1227 1010 respondissent,
1262 929 1290 993 ei

130 1032 205 1113 quid
226 1031 410 1110 videretur,
435 1031 572 1096 diceret.
620 1030 687 1094 Qui
710 1053 781 1094 mos
810 1052 885 1094 eum
912 1053 931 1094 a
958 1030 1195 1114 posterioribus
1223 1055 1291 1096 non

127 1143 216 1200 esset
240 1141 412 1211 retentus,
446 1132 614 1196 Arcesilas
638 1153 712 1195 eum
744 1132 913 1195 revocavit
943 1130 1155 1215 instituitque
1186 1136 1224 1194 ut
1255 1131 1288 1211 ii,

124 1237 181 1322 qui
205 1259 244 1300 se
267 1235 380 1300 audire
404 1235 545 1314 vellent,
575 1233 706 1297 nonde
730 1255 765 1297 se
793 1241 1004 1318 quaererent,
1033 1234 1093 1298 sed
1115 1233 1179 1318 ipsi
1203 1234 1290 1298 dice-

122 1348 211 1418 rent,
240 1339 320 1422 quid
343 1339 520 1414 sentirent;
552 1337 739 1420 quodcum
763 1335 941 1414 dixissent,
969 1336 1027 1399 ille
1052 1343 1178 1401 eontra.
1225 1337 1291 1402 Sed

125 1465 202 1507 eum
228 1443 286 1526 qui
309 1442 501 1520 audiebant,
527 1441 636 1525 quoad
658 1447 823 1524 poterant,
849 1439 1075 1504 defendebant
1091 1441 1291 1506 sententiam

123 1569 235 1610 suam.
282 1546 382 1629 Apud
408 1552 535 1608 eeteros
560 1551 671 1607 autem
699 1543 932 1628 philosophos,
967 1543 1023 1627 qui
1046 1545 1209 1627 quaesivit
1232 1546 1291 1610 eli-

128 1649 223 1732 quid,
246 1657 353 1724 tacet;
386 1648 475 1732 quod
499 1647 632 1731 quidem
653 1646 719 1711 iam
743 1647 782 1710 fit
805 1647 905 1710 etiam
928 1646 962 1710 in
985 1648 1179 1714 Academia.
1225 1649 1293 1713 Ubi

135 1751 228 1812 enim
247 1751 287 1830 is,
316 1750 374 1834 qui
397 1749 509 1814 audire
532 1749 622 1828 vult,
652 1748 700 1812 ite
723 1749 823 1812 dixit:
863 1749 1028 1834 Voluptas
1052 1749 1134 1814 mihi
1161 1751 1293 1816 videtur

136 1875 210 1917 esse
233 1875 391 1916 summum
415 1853 554 1930 bonum,
583 1858 744 1936 perpetua
773 1851 921 1916 oratione
946 1859 1061 1916 contra
1089 1854 1291 1938 disputatur,

132 1965 170 2020 nt
192 1955 289 2020 facile
312 1955 467 2039 intellegi
489 1955 596 2039 possit
619 1977 690 2033 eos,
725 1953 782 2037 qni
804 1953 929 2038 aliquid
952 1955 1016 2019 sibi
1038 1956 1143 2021 videri
1166 1957 1291 2036 dicant,

130 2081 196 2123 non
218 2059 309 2144 ipsos
332 2058 367 2122 in
396 2080 435 2122 ea
463 2057 630 2122 sententia
657 2077 747 2136 esee,
779 2057 838 2120 sed
860 2057 972 2121 audire
1000 2059 1086 2122 velle
1116 2061 1290 2124 contraria.

133 2158 175 2244 (3)
204 2161 278 2224 Nos
310 2159 514 2224 commodius
546 2158 686 2242 agimus.
733 2158 811 2222 Non
849 2158 936 2222 enim
967 2159 1073 2222 selum
1106 2160 1293 2245 Torquatus

133 2263 232 2343 dixit,
269 2263 349 2347 qnid
381 2264 540 2340 sentiret,
571 2261 753 2326 sedetiam
784 2283 861 2326 cur:
901 2283 963 2346 ego
996 2271 1107 2326 autem
1140 2263 1291 2343 arbitror,

129 2389 331 2451 quamquam
350 2366 528 2430 admodum
552 2364 736 2429 delectatus
760 2387 832 2428 sum
856 2364 924 2428 eine
949 2364 1096 2430 oratione
1119 2373 1290 2451 perpetua,

123 2475 239 2534 tamen
263 2467 478 2546 commodine,
505 2489 579 2531 cum
601 2467 636 2530 in
657 2468 756 2531 rebus
781 2465 921 2551 singulis
944 2465 1079 2532 insistas
1103 2478 1138 2532 et
1160 2468 1292 2534 intelle-

124 2595 196 2658 gas,
224 2572 304 2656 quid
328 2571 466 2658 quisque
490 2571 663 2650 concedat,
688 2570 768 2655 quid
790 2572 926 2649 abnuat,
952 2593 993 2634 ex
1008 2573 1106 2636 rebus
1127 2574 1292 2638 concessis

126 2674 284 2739 concludi
300 2674 388 2759 quod
409 2674 492 2738 velis
516 2681 550 2738 et
574 2673 616 2738 ad
639 2673 765 2738 exitum
787 2673 961 2757 perveniri.
1010 2674 1094 2739 (lum
1118 2676 1205 2740 enim
1228 2675 1292 2739 fer·

125 2785 183 2842 tur
206 2777 301 2861 quasi
323 2783 452 2841 torrens
477 2775 596 2855 oratio,
628 2775 776 2860 quamvis
799 2777 907 2840 multa
936 2775 1093 2860 cuiusque
1116 2777 1213 2864 {modi
1241 2801 1292 2841 ra·

124 2880 210 2964 piat,
233 2877 318 2943 nihil
341 2883 455 2943 tamen
477 2885 604 2956 teneas,
629 2877 712 2942 nihil
735 2879 967 2961 reprehendas,
992 2901 1153 2963 nusquam
1170 2881 1291 2945 oratio·

123 3137 160 3240 pe
180 3117 259 3240 σορκ
276 3116 515 3241 “iiilffifim
535 3118 592 3239 ‘ddas
610 3117 713 3172 Thema
731 3117 778 3239 dep
797 3117 948 3238 lfffflassff·
1007 3119 1045 3172 ad
1063 3122 1201 3173 nostros
1219 3121 1291 3190 phi·

141 3205 201 3241 oso
255 3205 305 3241 os:
345 3205 370 3240 1e
414 3205 432 3239 n
453 3205 488 3241 an
509 3205 539 3242 er
575 3204 603 3240 er
621 3203 736 3240 neueren
779 3203 810 3239 ca
830 3203 905 3240 emis.

202 3205 232 3311 p·
266 3255 441 3310 Arcesilas
459 3205 508 3310 auge
526 3254 625 3309 Pitane
642 3255 672 3307 in
689 3253 808 3318 Aeolien,
827 3253 871 3308 ein
889 3253 1001 3308 Schiiler
1019 3253 1066 3307 dee
1079 3255 1292 3325 Peripatetikers

129 3321 302 3392 Theophrast
320 3321 377 3378 und
396 3323 442 3377 des
460 3322 653 3378 Academilrers
672 3322 783 3377 Polemo
801 3322 830 3376 in
848 3322 953 3385 Athen,
978 3321 1076 3376 Stifter
1102 3323 1149 3377 der
1179 3324 1293 3378 aweiten

123 3390 282 3456 Academia,
301 3393 363 3463 geb.
382 3412 429 3446 nm
448 3397 506 3456 315,
524 3397 593 3462 gest.
612 3397 661 3444 241
681 3411 705 3446 v.
718 3390 784 3446 (thr.
803 3391 893 3446 Ueber
911 3391 954 3445 die
971 3409 1024 3445 von
1042 3391 1101 3444 ihm
1118 3391 1216 3446 wieder
1234 3393 1291 3446 auf·

124 3478 305 3550 genommene
324 3462 396 3516 Sitte
419 3462 471 3531 vgl.
490 3461 571 3532 Diog.
590 3462 681 3516 Laert.
699 3460 740 3515 IV
758 3464 791 3513 28
817 3461 945 3550 Προῖτος
971 3461 1002 3515 δὲ
1027 3466 1075 3515 καὶ
1091 3461 1131 3524 -ἐς
1155 3461 1292 3527 ἑκάτερον

125 3535 298 3604 οπεχείρησο
318 3536 366 3586 καὶ
384 3537 497 3605 πρῶτος
514 3533 563 3586 τὸν
582 3531 669 3618 λάρον
695 3533 808 3601 ἐκίνησε
831 3551 881 3585 τον
899 3531 956 3586 ὑπὸ
981 3529 1145 3594 Πλάτωνος
1167 3531 1292 3605 παραδε-

127 3599 255 3672 δομένον
276 3605 324 3654 καὶ
343 3602 463 3669 ἐποίησε
483 3599 516 3655 δι’
539 3602 706 3674 ἐρωτησοως
724 3605 772 3654 καὶ
791 3599 972 3675 ἀποκρίσεως
990 3599 1215 3674 ἐριστικώτερον,
1235 3598 1293 3653 und

124 3667 184 3722 Cio.
202 3667 235 3722 de
254 3672 325 3723 orat.
344 3669 390 3723 HI
404 3672 444 3730 18,
457 3671 489 3721 67
508 3686 589 3739 quem
607 3673 654 3736 (so.
672 3667 831 3736 Arcesilam)
850 3671 942 3724 ferunt
959 3667 1057 3722 eximio
1076 3667 1193 3737 quodam
1212 3687 1293 3722 usum

124 3737 216 3808 lepore
234 3736 344 3791 dicendi
363 3767 395 3776 -—
413 3737 533 3807 primum
550 3737 705 3792 instituisse
723 3741 900 3808 (quamquam
918 3736 947 3791 id
970 3737 1026 3792 fuit
1044 3737 1213 3791 Socraticum
1237 3755 1292 3792 ma-

123 3806 209 3872 xime)
227 3824 285 3860 non
303 3805 370 3876 quid
388 3805 445 3886 ipse
464 3805 577 3860 sentiret
594 3807 750 3867 ostendere,
780 3810 827 3860 sed
845 3809 941 3860 contre
968 3805 997 3859 id
1023 3805 1097 3876 quod
1124 3807 1238 3876 quisque
1265 3824 1293 3859 se

124 3875 227 3928 sentire
247 3873 361 3929 dixisset
379 3874 421 3928 d1s
440 3878 525 3928 utare.
629 3879 797 3947 perpetua
815 3876 977 3930 oratione
1001 3875 1038 3929 ‘in
1065 3875 1138 3929 einer
1161 3875 1190 3928 iu
1213 3875 1293 3928 ihren

125 3943 240 3998 'l'beilen
267 3893 589 4020 zusammenlrtngenden
606 3945 698 4006 Rode,
725 3944 790 4006 18,
809 3948 841 3998 29
870 3944 917 3998 sed
943 3945 986 3998 uti
1013 3945 1135 3998 oratione
1162 3949 1293 4014 perpetua

125 4011 209 4076 malo,
229 4031 314 4082 quam
332 4013 434 4066 interro
455 4031 500 4066 are
518 4018 567 4066 aut
584 4013 755 4094 interrogari.

197 4081 228 4134 3.
266 4099 337 4134 cum
355 4081 388 4134 in
407 4099 441 4134 re
469 4100 505 4134 us
525 4080 677 4161 singulis
694 4081 844 4136 insistas
862 4087 947 4135 ‘wenn
966 4099 1030 4134 man
1048 4080 1091 4134 bei
1110 4080 1171 4135 dem
1189 4081 1292 4135 Einzel-

124 4168 181 4204 nen
198 4150 296 4204 stehen
314 4149 416 4204 bleibt'.
486 4149 672 4203 aderitum
692 4150 998 4206 ‘zueinechsultat'.
1027 4152 1094 4203 orat.
1114 4153 1155 4212 32,
1177 4153 1226 4202 116
1245 4167 1293 4202 nco

125 4222 199 4273 recte
218 4217 316 4272 disseri
334 4237 382 4273 noc
400 4237 522 4289 unquam
540 4217 575 4272 ad
592 4219 696 4273 exitum
713 4219 846 4288 perveniri
862 4222 961 4289 potest.
1066 4218 1159 4272 nihil
1177 4236 1292 4288 repre-

125 4287 268 4342 hendas.
305 4288 373 4342 Fast
392 4287 441 4342 alle
459 4288 577 4342 Hdschr.
595 4287 690 4342 bieten
707 4287 904 4357 apprehendas;
929 4306 945 4340 a
963 4285 1125 4356 prehendere
1143 4286 1211 4355 geht
1229 4287 1293 4341 eber

125 4357 191 4412 dem
208 4361 300 4411 tenere
318 4375 425 4411 vorans.
461 4355 667 4428 Reprehendero
684 4356 770 4411 heiest
787 4356 836 4410 das
855 4357 893 4410 im
918 4306 1051 4410 scluellen
1075 4355 1161 4424 lluge
1183 4355 1293 4424 Begril·

170 4442 324 4494 Holstein,
338 4443 387 4484 Cic.
402 4442 429 4482 de
443 4442 481 4482 fin.
1063 4445 1078 4492 4
