3020 4948
216 297 257 360 68
465 293 516 348 DE
533 292 685 348 EINIBUS
703 291 889 348 BONORUM
906 291 1159 348 ET-MALORUM

300 461 359 548 (31)
384 465 415 528 Α
438 464 560 548 primo,
586 471 623 526 ut
647 461 773 548 opinor,
798 461 1014 527 animantium
1037 470 1112 527 ortu
1134 463 1258 547 petitur
1280 463 1374 548 origo

214 567 334 630 summi
356 565 445 631 boni.
492 566 598 631 Simul
622 571 720 648 atque
744 570 861 628 uatum
889 565 1010 630 animal
1033 571 1100 644 est,
1134 565 1257 649 gaudet
1279 566 1375 629 volu·

212 675 305 756 ptate
322 677 356 734 et
372 692 443 733 eam
460 668 588 754 appetit
605 671 641 731 ut
656 668 791 747 bonum,
810 675 1004 753 aspernatur
1020 667 1168 732 dolorem
1184 675 1222 732 ut
1236 669 1374 732 malum.

212 775 263 838 De
286 773 381 838 malis
405 777 514 838 eutem
539 781 573 836 et
589 771 683 836 bonis
708 772 748 835 ab
765 771 805 834 iis
822 771 1030 850 animalibus,
1056 792 1139 855 quae
1155 772 1301 836 nondum
1317 771 1375 836 de-

212 885 348 961 pravata
371 875 449 954 sint,
474 875 520 939 nit
544 874 667 959 optime
690 873 839 938 iudicari.
879 873 971 938 Haec
995 881 1029 938 et
1051 882 1090 938 tu
1112 875 1160 938 ita
1183 873 1323 958 posuisti
1341 883 1376 938 et

211 978 314 1042 verba
345 982 454 1042 vestre
485 983 574 1040 sunt.
622 974 729 1039 Quem
762 975 867 1038 multa
895 975 1029 1040 vitiosa!
1082 977 1253 1040 Summum
1285 975 1377 1040 euim

212 1079 336 1143 bonum
368 1085 402 1142 et
431 1079 554 1142 malum
583 1077 720 1160 vagiens
748 1097 829 1160 puer
857 1082 931 1141 utra
962 1077 1134 1160 voluptate
1167 1077 1374 1156 diiudicabit,

212 1187 323 1244 stante
347 1203 387 1243 an
404 1183 580 1246 movente?
604 1178 771 1262 quonium,
796 1178 824 1241 si
845 1177 896 1241 dis
917 1178 1039 1262 placet,
1064 1179 1104 1242 eb
1121 1179 1264 1264 Epicuro
1282 1179 1378 1263 loqui

212 1283 380 1347 discimus,
428 1282 463 1346 Si
485 1287 606 1360 stante,
631 1283 695 1346 hoc
717 1289 836 1345 natura
859 1280 1016 1346 videlicet
1038 1282 1126 1360 vult,
1152 1283 1277 1346 salvam
1301 1304 1377 1346 esse

211 1407 258 1464 se,
284 1385 371 1468 quod
396 1385 605 1450 concedimus
613 1411 621 1462 3
648 1385 676 1448 si
698 1391 863 1463 movente,
890 1384 978 1468 quod
1000 1390 1112 1450 tamen
1135 1385 1256 1464 dicitis,
1280 1386 1378 1451 nulla

210 1489 317 1572 turpis
341 1490 493 1572 voluptas
517 1489 596 1568 erit,
622 1511 704 1572 quae
726 1487 1021 1574 praetermittenda
1044 1487 1104 1566 sit,
1130 1497 1164 1552 et
1187 1488 1284 1552 simul
1306 1511 1379 1554 non

210 1589 431 1674 proficiscitur
464 1591 584 1655 animal
616 1590 700 1654 illud
730 1589 827 1654 modo
856 1597 971 1654 natum
996 1613 1014 1654 a
1038 1612 1166 1654 summa
1188 1591 1378 1676 voluptate,

211 1716 293 1778 quae
318 1702 370 1758 est
393 1715 411 1758 a
434 1700 468 1758 te
492 1693 600 1778 posita
622 1694 657 1757 in
679 1716 746 1757 non
769 1693 924 1757 dolendo.
958 1691 1023 1777 (32)
1047 1694 1118 1757 Nec
1141 1698 1254 1758 tamen
1276 1717 1378 1780 argu-

210 1802 360 1860 mentum
384 1797 448 1860 hoc
471 1797 634 1880 Epicurus
663 1818 681 1859 a
703 1796 812 1881 parvis
841 1795 960 1880 petivit
987 1802 1046 1858 aut
1073 1797 1174 1860 etiem
1201 1819 1220 1859 a
1242 1796 1376 1877 bestiis,

211 1919 294 1982 quae
310 1906 408 1984 putat
423 1922 495 1964 esse
513 1899 647 1982 specula
663 1906 811 1978 naturae,
837 1905 875 1962 ut
896 1898 1022 1979 diceret
1041 1899 1082 1962 ab
1099 1898 1140 1962 iis
1157 1899 1239 1963 duce
1255 1906 1377 1964 natura

210 2002 295 2065 hanc
328 2003 535 2086 voluptatem
567 2001 678 2087 expeti
709 2001 794 2066 nihil
826 2001 971 2066 dolendi.
1023 2001 1141 2084 Neque
1174 2003 1260 2065 enim
1291 2003 1373 2066 haec

210 2127 342 2170 movere
365 2109 477 2190 potest
500 2105 685 2190 appetitum
708 2105 820 2185 animi,
844 2125 905 2170 nec
928 2105 1033 2168 ullum
1049 2105 1152 2168 habet
1168 2104 1282 2183 ictum,
1308 2128 1375 2188 quo

210 2206 315 2290 pellat
339 2207 484 2272 animum
490 2256 499 2286 ,
532 2214 641 2272 status
669 2207 724 2270 hic
751 2229 819 2270 non
842 2205 986 2270 dolendi.
1033 2205 1151 2288 Itaque
1174 2205 1208 2269 in
1232 2207 1294 2270 hoc
1318 2228 1376 2270 eo-

210 2307 286 2372 dem
309 2315 426 2392 peccat
449 2308 682 2393 Hieronymus.
729 2313 776 2372 At
799 2308 857 2372 ille
880 2306 988 2391 pellit,
1014 2306 1070 2390 qui
1091 2307 1276 2390 permulcet
1297 2319 1381 2370 sen·'

210 2433 284 2474 sum
303 2413 487 2496 voluptate.
521 2412 640 2496 Itaque
655 2411 817 2495 Epicurus
834 2431 963 2496 semper
977 2412 1041 2474 hcc
1057 2409 1173 2489 utitur,
1199 2419 1237 2474 ut
1253 2411 1374 2494 probet

208 2515 418 2597 voluptatem
445 2521 563 2578 natura
586 2515 713 2598 expeti,
739 2514 827 2598 quod
851 2536 889 2578 ea
911 2514 1081 2597 voluptas,
1112 2535 1193 2598 quse
1222 2513 1255 2578 in
1278 2520 1376 2578 motu

210 2617 270 2696 sit,
300 2624 336 2682 et
357 2641 474 2704 parvos
498 2618 597 2682 adse
621 2617 746 2682 alliciat
769 2625 803 2682 et
825 2618 969 2696 bestias,
999 2640 1066 2682 non
1089 2617 1147 2681 illa
1171 2617 1313 2697 stabilis,
1337 2618 1375 2683 in

210 2742 274 2802 que
296 2725 428 2784 tentum
451 2719 538 2783 inest
564 2718 649 2783 nihil
672 2719 794 2784 dolere.
842 2719 908 2784 oui
935 2718 1037 2804 igitur
1066 2720 1220 2784 convenit
1242 2719 1283 2784 ab
1307 2720 1376 2784 alia

210 2820 382 2906 voluptate
406 2820 513 2886 dicere
537 2827 689 2884 naturam
713 2821 891 2904 proficisci,
915 2819 949 2884 in
972 2819 1037 2883 alia
1060 2843 1224 2885 summum
1246 2821 1372 2884 bouum

277 2990 325 3045 31.
344 2993 370 3046 A
387 2991 494 3062 primo
515 3021 545 3032 -
565 2992 799 3047 animantium
819 2995 898 3046 ortu
916 3011 936 3046 s.
957 2991 1014 3055 19,
1033 2995 1074 3046 30.
1127 2991 1270 3060 vagiens
1286 3010 1371 3062 puer

208 3060 266 3118 ‘das
284 3059 362 3114 Kind
379 3061 408 3114 in
427 3060 474 3114 der
490 3061 601 3132 Wiege',
627 3061 660 3114 de
679 3079 733 3115 sen.
752 3065 793 3124 23,
811 3065 844 3114 83
863 3064 894 3115 ut
912 3078 944 3114 ex
961 3060 1012 3114 hac
1030 3064 1120 3114 aetate
1138 3078 1322 3141 repuerascam
1339 3066 1369 3114 et

207 3127 237 3182 in
256 3130 332 3184 cunis
351 3129 475 3199 vagiam3
504 3135 594 3184 zuerst
612 3129 655 3184 bei
673 3129 781 3184 Terent.
799 3129 866 3183 Hec.
884 3129 925 3182 1v
945 3135 967 3193 1,
987 3133 1002 3182 2
1025 3147 1090 3183 nam
1113 3127 1250 3184 audivisse
1275 3145 1367 3182 vocem

207 3198 284 3268 pueri
301 3197 376 3253 visus
394 3203 435 3253 est
453 3198 597 3268 vagientis.
684 3202 801 3252 stante
820 3217 861 3252 an
879 3201 1036 3253 movente
1055 3197 1185 3252 ‘deuernd
1203 3197 1267 3252 oder
1284 3196 1368 3252 wech-

208 3266 300 3330 solnd',
318 3266 500 3338 abgelriirzter
516 3267 662 3324 Ausdruclr
679 3266 724 3322 fur
760 3285 811 3322 uae
828 3267 857 3321 in
876 3270 998 3320 statuet
1021 3267 1051 3320 in
1074 3270 1153 3320 motu
1176 3271 1258 3329 esset,
1283 3265 1371 3321 wobei

207 3354 312 3391 movere
330 3336 489 3391 intransitiv
506 3337 656 3407 gebraucht
674 3336 720 3390 ist.
738 3285 765 3390 d.
784 3355 818 3390 zu
835 3337 851 3390 I
869 3339 910 3391 20,
929 3339 962 3388 69
980 3333 1084 3388 ludicre
1103 3334 1249 3390 exercendi.
1290 3354 1369 3405 quo·

207 3406 299 3459 niem
317 3405 374 3460 ‘das
393 3423 457 3476 sege
475 3405 527 3469 ich,
547 3406 633 3460 dieser
649 3405 809 3460 Ausdriicke
836 3403 947 3459 bediens
973 3403 1018 3457 ich
1044 3403 1134 3466 mich,
1162 3404 1222 3458 weil
1248 3403 1297 3458 wir
1320 3403 1369 3474 ja’.

207 3475 235 3528 si
253 3473 305 3528 dis
323 3475 438 3596 placet
456 3474 506 3528 hat
523 3474 677 3530 ironischen
695 3474 772 3528 Siun.
790 3473 870 3527 Tusc.
889 3473 965 3536 V10,
975 3477 1006 3525 31
1027 3471 1192 3542 (Epicurus),
1211 3470 1368 3538 epletium,

207 3543 232 3597 si
249 3541 291 3596 dis
309 3546 405 3613 pacet,
428 3543 536 3598 videtur
559 3561 663 3665 semper
688 3543 793 3623 sepiens
816 3541 921 3597 beatus.
957 3539 991 3596 de
1010 3544 1078 3595 oret.
1097 3541 1143 3596 ΠΙ
1160 3545 1207 3604 24,
1226 3545 1259 3594 93
1283 3541 1369 3596 etiem

206 3609 311 3674 Latini,
330 3612 355 3665 si
372 3611 415 3666 dis
432 3611 528 3682 placet,
546 3612 597 3666 hoc

206 3681 298 3734 Amet.
317 3684 358 3742 36,
379 3685 428 3733 102
445 3679 529 3744 Alter,
549 3681 572 3741 si
590 3680 633 3734 dis
650 3679 852 3735 immortahbus
874 3679 978 3749 placet,
1006 3679 1196 3734 testimouium
1223 3681 1307 3734 etlam
1338 3697 1368 3734 m

206 3749 265 3802 Sex.
284 3747 415 3802 Roscium
434 3747 557 3803 dicturus
575 3751 624 3803 est.
721 3748 888 3802 videlicet
911 3770 935 3794 =
957 3747 1048 3801 videre
1065 3746 1136 3810 licet,
1155 3748 1204 3802 wie
1221 3747 1333 3802 Lucret.
1352 3747 1368 3800 1

206 3821 257 3870 208
276 3815 409 3870 erkennen
427 3817 503 3880 ltsst
522 3817 581 3870 hier
598 3818 650 3871 mit
668 3817 845 3886 subjectivem
862 3815 1020 3871 Oharecter.
1056 3816 1089 3869 de
1107 3819 1177 3870 orat.
1195 3816 1241 3871 111
1258 3820 1366 3878 32129

207 3885 231 3938 si
249 3887 291 3938 est
308 3883 396 3939 victus
415 3885 542 3956 (Gorgias
555 3904 571 3938 a
583 3885 715 3949 Socrate),
733 3885 902 3956 eloquentior
919 3884 1043 3939 videlicet
1061 3885 1115 3939 fuit
1133 3888 1160 3940 et
1179 3885 1306 3939 disertior
1318 3883 1365 3938 So·

206 3958 301 4007 crates.
371 3953 458 4022 quod
476 3959 587 4008 tamen
605 3953 728 4008 dicitis
747 3955 829 4013 ntml
847 3952 970 4024 obgleich
987 3953 1031 4008 ihr
1049 3952 1092 4008 die
1110 3953 1367 4022 Schmernlosiglreit

207 4041 236 4076 so
254 4021 326 4076 hoch
344 4021 438 4076 stellet.
474 4023 535 4092 Vgl.
554 4042 576 4076 c.
594 4026 635 4086 26,
655 4027 688 4076 84
705 4024 743 4077 Et
761 4027 854 4077 temen
871 4025 922 4077 etc.
991 4023 1025 4076 in
1043 4040 1106 4076 nou
1125 4021 1272 4076 dolendo
1290 4041 1312 4076 s.
1330 4041 1365 4076 zu

207 4109 230 4144 c.
250 4097 275 4156 4,
296 4095 336 4144 11.

276 4158 324 4215 32.
361 4159 472 4214 atille
498 4159 580 4214 ndml
600 4162 698 4222 statue,
717 4159 764 4214 der
782 4159 912 4222 Zustend,
933 4159 980 4213 der
998 4159 1046 4213 das
1064 4159 1180 4215 hochste
1197 4159 1255 4214 Gut
1272 4157 1302 4212 in
1321 4158 1365 4212 die

206 4227 459 4298 Schmerzlosigkeit
476 4227 556 4282 alleiu
574 4232 651 4282 setzt.
722 4247 788 4283 non
806 4229 870 4283 illa
888 4228 1045 4283 stabilis:
1063 4229 1194 4298 richtiger
1211 4229 1289 4282 httte
1307 4227 1363 4282 Cic.

206 4302 303 4368 gesegt
320 4316 374 4352 non
392 4297 465 4368 quod
481 4297 526 4352 ille
544 4297 651 4352 stabilis
670 4328 711 4352 -.

634 3613 723 3666 ienmo
742 3610 869 3692 magistri
887 3609 994 3664 dicendi
1011 3610 1183 3664 exstiterunt.
1202 3628 1275 3690 cup.
1286 3611 1367 3691 Rosc.
