3020 4948
382 317 443 371 Ius.
462 317 501 372 II.
536 317 600 372 011.
619 317 783 372 XIV-XV.
819 321 847 384 ἐξ
867 322 977 374 47-50.
1221 325 1260 387 79

96 487 152 550 bis
178 485 286 550 utitur
306 523 348 536 —
371 509 476 572 neque
499 487 696 572 intellegere
719 509 779 553 nec
804 489 932 566 videre,
957 490 1018 553 sub
1043 493 1128 556 hanc
1152 515 1266 558 voeem
1381 493 1383 498 ’

95 589 290 654 honestetis
314 612 397 673 quae
422 590 466 654 sit
489 591 682 656 subicienda
714 592 890 656 sententia.
936 593 984 656 Ut
1013 595 1099 658 enim
1129 617 1264 660 consue-

96 692 183 756 tudo
200 693 362 775 loquitur,
386 692 421 756 id
437 694 544 758 solum
569 687 690 759 dicitur
713 696 903 774 honestum,
929 697 1018 779 quod
1042 705 1093 760 est
1115 700 1265 782 populari

98 793 188 858 lama
212 793 409 877 gloriosum.
443 795 552 874 Quod,
577 795 696 879 inquit,
722 819 919 881 quamquam
940 798 1170 882 voluptatibus
1194 803 1264 884 qui·
1340 781 1344 788 ”

96 896 243 960 busdam
266 904 319 959 est
342 917 440 979 saepe
463 897 654 976 iucundius,
684 905 797 962 tamen
822 898 987 985 expetitur
1014 907 1148 985 propter
1170 904 1264 967 volu·

98 1005 242 1084 ptatem.
291 996 357 1082 (49)
380 998 537 1078 Videsne,
563 1023 660 1084 quam
684 1001 727 1064 sit
750 1024 870 1085 magna
894 1001 1075 1070 dissensio?
1111 1005 1264 1070 Philoso-

97 1103 184 1185 phus
209 1101 344 1179 nobilis,
369 1125 387 1166 a
410 1125 475 1185 quo
499 1125 564 1166 non
588 1104 696 1168 solum
719 1104 858 1168 Graecia
882 1114 916 1169 et
939 1106 1056 1184 Italia,
1081 1108 1263 1178 sedetiam

98 1203 206 1270 omnis
231 1204 384 1269 barbaria
408 1214 574 1270 commota
597 1215 664 1284 est,
696 1208 875 1272 honestum
898 1208 977 1292 quid
1001 1209 1061 1289 sit,
1092 1211 1119 1274 si
1142 1210 1175 1275 id
1198 1235 1264 1276 non

98 1306 143 1370 sit
166 1305 201 1368 in
226 1306 412 1391 voluptate,
437 1315 540 1391 negat
563 1330 597 1372 se
621 1308 829 1392 intellegere,
855 1309 919 1373 nisi
942 1309 1027 1374 forte
1051 1311 1150 1390 illud,
1176 1313 1263 1396 quod

99 1407 328 1472 multitudinis
350 1431 480 1473 rumore
503 1410 669 1474 laudetur.
715 1413 789 1495 Ego
813 1419 925 1476 autem
947 1414 1011 1476 hoc
1040 1413 1139 1477 etiam
1167 1422 1263 1498 turpe

102 1533 171 1578 esse
196 1533 296 1595 saepe
319 1511 428 1576 iudico
454 1520 498 1592 et,
524 1515 705 1598 siquando
730 1523 826 1599 turpe
850 1539 915 1580 non
939 1517 993 1595 sit,
1018 1523 1091 1580 tum
1108 1539 1179 1582 esse
1197 1540 1264 1582 non
1361 1527 1362 1538 *
1500 1509 1507 1554 s

103 1624 208 1700 turpe,
235 1637 311 1680 cum
333 1615 366 1678 id
391 1639 409 1679 a
436 1617 651 1682 multitudine
679 1619 850 1698 laudetur,
882 1620 970 1703 quod
999 1619 1043 1684 sit
1070 1621 1177 1705 ipsum
1206 1643 1264 1707 per

109 1723 287 1782 setectum
312 1725 411 1802 atque
434 1720 613 1800 laudabile,
637 1745 704 1785 non
727 1723 769 1786 ob
794 1744 865 1787 eam
889 1745 1021 1787 causam
1043 1730 1157 1789 tamen
1178 1725 1263 1789 illud

113 1818 174 1882 dici
195 1841 261 1884 esse
287 1821 484 1900 honestum,
519 1821 594 1905 quie
616 1823 771 1887 laudetur
795 1847 813 1886 a
836 1823 971 1903 multis,
1005 1824 1063 1888 sed
1096 1825 1171 1908 quia
1192 1827 1261 1890 tole

107 1920 166 1999 sit,
197 1928 257 2000 ut,
292 1922 346 1985 vel
371 1921 398 1985 si
420 1922 614 2006 ignorarent
636 1923 670 1986 id
693 1924 843 1988 homines
868 1927 921 1988 vel
945 1925 974 1988 si
1004 1925 1261 2004 obmutuissent,

101 2047 156 2087 sua
180 2031 298 2088 tamen
319 2025 566 2107 pulchritudine
600 2035 689 2090 esset
716 2028 889 2111 specieque
916 2027 1096 2092 landabile.
1143 2028 1261 2111 Itaque

99 2127 187 2193 idem
209 2137 331 2192 natura
354 2128 482 2206 vietus,
517 2129 570 2192 oui
594 2130 711 2194 obsisti
734 2154 801 2194 non
822 2135 953 2215 potest,
986 2130 1068 2194 dicit
1091 2131 1155 2194 alio
1187 2133 1261 2194 loco

97 2233 139 2312 id,
165 2231 259 2316 quod
284 2254 302 2295 a
324 2238 359 2296 te
383 2232 485 2296 etiem
507 2234 606 2317 paulo
635 2241 713 2297 ante
743 2234 870 2298 dictum
899 2241 966 2312 est,
995 2257 1060 2297 non
1088 2255 1185 2318 posse
1211 2235 1261 2297 iu·

95 2336 207 2400 eunde
232 2333 299 2398 vivi
325 2335 389 2398 nisi
421 2335 522 2398 etiam
552 2337 703 2400 honeste.
751 2335 818 2422 (50)
852 2337 941 2401 Quid
973 2359 1060 2401 nunc
1091 2339 1260 2411 honeste

94 2439 201 2508 dicit?
226 2437 369 2515 idemne,
395 2439 482 2521 quod
505 2436 698 2502 iucunde?
721 2439 811 2523 Ergo
827 2439 885 2518 ita,
910 2462 977 2504 non
999 2461 1096 2524 posse
1120 2442 1260 2504 honeste

93 2541 177 2621 vivi,
201 2540 269 2604 nisi
291 2542 431 2604 honeste
455 2541 596 2604 vivatur.
644 2545 698 2605 An
720 2542 784 2606 nisi
807 2543 958 2626 populari
981 2542 1088 2606 fame?
1121 2542 1198 2606 Siue
1223 2563 1260 2608 ea

95 2747 159 2802 sub
179 2747 268 2800 hane
285 2763 406 2800 vocem.
441 2745 619 2816 Wesenbergs
636 2746 820 2800 Emendation
838 2747 885 2802 der
903 2747 1012 2803 hdschr.
1024 2748 1122 2804 Lessrt
1141 2747 1259 2803 subhac

93 2834 162 2870 voce
180 2814 355 2885 reohtfertigt
373 2813 431 2868 sich
449 2814 534 2868 durch
553 2815 610 2869 drei
627 2815 854 2870 handschriftlich
871 2817 1021 2886 gesicherte
1040 2817 1152 2872 Stellen:
1180 2817 1259 2872 Tusc.

93 2885 118 2938 V
142 2891 167 2948 1,
187 2888 204 2936 2
222 2883 311 2937 virtus
330 2883 451 2939 subiecta
474 2883 525 2938 sub
549 2885 638 2938 varios
662 2884 779 2938 incertos
798 2903 831 2940 ue
855 2904 942 2940 casus.
960 2886 1172 2949 stanneam
1190 2903 1259 2956 quae

93 2953 149 3008 sub
168 2970 215 3006 eos
235 2955 351 3018 (sensus)
369 2951 490 3028 subiecta
509 2957 580 3007 sunt.
617 2952 649 3007 dc
666 2903 800 3008 inventl
819 2959 860 3020 52,
879 2959 912 3008 98
929 2973 971 3010 res
990 2985 1022 2993 -
1041 2974 1127 3010 unum
1145 2954 1195 3010 sub
1214 2955 1259 3009 ad·

93 3025 225 3093 spectum
244 3020 424 3076 subiciuntur.
522 3022 569 3076 Ut
585 3022 672 3076 enim
691 3023 906 3078 consuetudo
924 3023 1083 3093 loquitur
1102 3023 1180 3078 ‘uach
1198 3023 1259 3078 dem

113 3089 305 3145 ewdhnlichen
323 3089 579 3160 Sprechgebraueh’.
614 3091 692 3145 Auch
720 3091 772 3144 aul
789 3091 838 3145 das
864 3091 961 3147 Gebiet
987 3091 1035 3147 der
1061 3090 1258 3147 wissenschaft-

92 3111 190 3213 dohen
208 3158 326 3229 Spraehe
344 3159 475 3214 erstreckt
493 3159 551 3213 sich
569 3158 612 3212 die
629 3159 861 3214 Personification.
896 3159 1025 3230 Negelsb.
1045 3165 1102 3224 142,
1121 3166 1145 3214 3.

171 3226 221 3279 411.
257 3227 337 3281 etsi
355 3226 489 3308 quando
508 3232 609 3296 turpe
627 3247 692 3282 non
710 3229 757 3282 111
776 3235 826 3283 etc.
854 3228 938 3298 Sinna
958 3229 1047 3284 Wenn
1064 3227 1121 3291 das,
1140 3249 1195 3283 was
1213 3229 1265 3284 all·-

94 3293 211 3365 gemein
222 3295 313 3364 gelobt
330 3294 405 3360 und,
424 3296 524 3350 einmal
541 3295 619 3349 nicht
637 3296 805 3368 schimpflich
823 3297 868 3362 ist,
887 3315 918 3351 so
935 3297 1043 3350 kommt
1060 3295 1109 3350 das
1122 3315 1174 3351 nur
1185 3297 1259 3350 daun

92 3381 158 3426 vor,
178 3381 252 3418 wcnn
270 3364 315 3418 die
332 3365 431 3435 Menge
449 3365 498 3418 das
515 3365 581 3428 lobt,
595 3383 656 3419 ¹was
673 3383 708 3419 an
727 3366 783 3420 und
802 3367 847 3421 1111
865 3366 923 3420 sich
941 3365 1018 3419 recht
1041 3365 1091 3429 ist,
1115 3365 1172 3420 und
1196 3365 1257 3419 den·

93 3432 172 3488 noch
194 3433 258 3487 wind
277 3451 303 3488 ss
323 3432 396 3487 donn
423 3435 475 3488 aul
497 3433 548 3487 den
566 3434 674 3488 Nemen
702 3433 748 3488 des
767 3435 877 3490 Sittlioh
897 3437 963 3488 uten
990 3434 1068 3488 nicht
1094 3452 1133 3488 we
1152 3453 1185 3488 en
1212 3434 1259 3488 der

92 3501 215 3556 vielseiti
235 3520 267 3556 en
284 3501 487 3573 Lobpreisung,
513 3503 629 3557 sondern
646 3520 738 3572 wegen
757 3504 841 3558 seinos
895 3521 972 3558 esens
990 3521 1024 3556 an
1050 3503 1108 3556 und
1132 3453 1177 3558 dir
1199 3503 1257 3558 sich

92 3573 225 3640 Anspruc
263 3571 385 3624 macheu.
479 3571 558 3626 aulo
577 3573 689 3626 autel
708 3577 748 3635 18,
766 3576 807 3627 57.

169 3638 220 3693 50.
240 3638 328 3704 Quid
346 3659 435 3694 nunc
453 3591 597 3696 honeste
615 3639 721 3694 dicit?
739 3640 813 3694 ‘Wes
830 3640 952 3695 verstcht
969 3659 997 3694 er
1011 3641 1082 3710 jetzt
1100 3643 1180 3694 unter
1197 3638 1258 3694 dem

92 3707 230 3763 honeste?
247 3709 327 3762 Etwa
345 3708 465 3763 desselbe
482 3728 537 3764 was
556 3727 583 3764 cr
601 3715 682 3764 unter
694 3709 755 3762 dem
768 3709 884 3764 iucunde
895 3710 1041 3764 verstehtP'
1060 3709 1092 3764 de
1110 3713 1167 3764 nat.
1185 3709 1257 3764 deor.

92 3777 109 3830 I
129 3781 171 3841 26,
192 3781 223 3830 73
242 3795 315 3832 nuuc
333 3777 408 3832 istud
435 3778 513 3848 quasi
540 3796 636 3849 eorpus
664 3782 692 3831 et
719 3778 798 3847 quasi
825 3779 984 3902 saffiuinem
1011 3777 1078 3848 quid
1105 3777 1258 3848 intellegis?

92 3846 187 3914 Ergo
206 3845 257 3900 ita
275 3850 325 3900 etc.
362 3847 443 3901 Sinus
474 3847 654 3902 Identificiert
671 3865 735 3900 man
755 3846 802 3901 des
821 3847 850 3902 Si
887 3847 999 3918 ichgute
1016 3847 1069 3902 mit
1091 3847 1152 3903 dem
1169 3848 1257 3918 Ange·

92 3913 222 3979 nehmen,
242 3933 271 3968 so
289 3914 368 3984 folgt
388 3914 452 3969 dass
469 3935 534 3970 man
552 3916 630 3969 nicht
648 3915 804 3986 sittlichgut
821 3916 897 3971 leben
915 3917 999 3980 kann,
1019 3917 1088 3971 ohne
1106 3918 1256 3986 angenehm

93 4001 131 4036 zu
150 3981 235 4038 leben.
270 3984 311 4038 Es
327 3983 450 4040 entsteht
474 3983 530 4038 eleo
554 3983 598 4038 die
617 3984 740 4038 Umhehr
761 4003 815 4038 von
838 3984 899 4040 dem
919 3987 931 4050 ξ
950 3990 984 4038 49
1008 4004 1057 4040 eus
1077 3985 1256 4056 esproohenen

93 4051 192 4106 Satzcz
211 4069 267 4106 non
283 4071 363 4123 posse
380 4053 497 4108 iucunde
515 4052 570 4106 vivi
587 4052 641 4106 nisi
659 4053 743 4108 etiam
761 4053 882 4108 honeste.
918 4055 1048 4108 Indesson
1085 4058 1170 4108 dnnte
1192 4072 1257 4108 men

92 4119 166 4175 auch
192 4124 335 4186 erwarteu,
360 4121 423 4176 (1111
445 4122 500 4177 Cic.
520 4140 549 4175 so
568 4121 718 4176 fortfdhre:
749 4141 803 4176 non
820 4140 899 4193 posse
922 4122 1038 4177 iucunde
1060 4123 1116 4176 vivi
1140 4122 1193 4178 uisi
1216 4121 1256 4175 iu·

94 4187 192 4243 eunde.
261 4191 310 4244 An
327 4191 396 4245 nisi
415 4190 581 4262 populari
597 4189 703 4244 fame?
720 4191 776 4245 Mit
794 4190 882 4246 dieser
893 4192 947 4246 Fra
967 4209 981 4245 e
998 4191 1065 4246 wird
1083 4192 1142 4245 eine
1159 4190 1257 4244 andere

93 4258 229 4329 Deutnng
246 4260 374 4314 vei-sucht
391 4259 448 4315 und
467 4259 520 4314 nisi
548 4261 618 4312 setrt
635 4258 710 4321 Oia,
738 4259 776 4314 als
803 4279 879 4314 wenn
905 4211 1091 4330 vorhergegen
1112 4279 1144 4314 en
1170 4262 1254 4314 utre:

94 4326 162 4396 quid
180 4345 254 4381 nunc
272 4327 325 4382 nisi
342 4329 456 4385 honeste
475 4328 559 4383 dicit?
576 4326 683 4382 idemne
700 4328 773 4396 quod
790 4329 843 4386 nisi
861 4328 995 4384 iucunde?
1024 4329 1078 4384 Der
1121 4327 1193 4382 eifell
1210 4327 1256 4382 der
