3020 4948
221 301 262 366 66
453 298 504 352 ΒΕ
522 295 673 351 FINIBUS
691 295 877 352 BONORUM
894 297 942 352 ET
960 297 1148 367 MALORUM

221 468 284 554 (28)
319 469 384 533 Sed
416 472 497 534 haec
530 468 662 552 quidem
693 467 829 533 liberius
861 470 901 532 ab
934 490 972 534 eo
1003 468 1157 533 dicuntur
1181 475 1215 534 et
1237 469 1382 553 saepius,

221 571 320 637 Quod
352 572 504 654 equidem
534 593 602 634 non
633 570 851 654 repreheud03
886 577 938 634 est
966 571 1052 636 enim
1079 571 1167 636 tanti
1187 568 1383 670 philosophi

218 681 354 758 tamque
385 673 506 738 nobilis
536 673 693 737 audacter
721 695 779 736 sua
802 672 935 737 decreta
963 674 1155 738 defendere:
1186 675 1244 738 sed
1265 681 1382 737 tamen

220 800 260 843 ex
281 799 329 856 e0,
355 776 443 860 quod
459 797 530 840 eam
546 775 764 859 voluptatem,
789 798 884 858 quam
901 798 1014 840 omnes
1030 783 1148 860 gentes
1168 779 1230 841 hoe
1247 775 1383 838 nomine

219 881 403 967 appellant,
434 878 566 943 videtur
589 877 768 963 amplexari
792 900 888 963 saepe
911 879 1157 958 vehementius,
1187 879 1221 943 in
1248 877 1383 961 magnis

218 983 383 1048 interdum
406 985 556 1044 versatur
578 979 752 1064 angustiis,
777 985 815 1043 ut
837 981 1007 1046 hominum
1032 981 1233 1046 conscientia
1254 983 1386 1043 remota

218 1086 300 1150 nihil
323 1093 393 1149 tam
415 1091 512 1167 turpe
536 1082 590 1162 sit,
617 1083 704 1166 quod
724 1082 905 1168 voluptatis
929 1105 1028 1148 eausa
1049 1105 1116 1148 non
1131 1084 1283 1148 videatur
1305 1105 1381 1146 esse

218 1187 378 1252 facturus.
429 1184 573 1264 Deinde,
604 1184 661 1249 ubi
690 1184 838 1263 erubuit,
863 1223 904 1234 -
928 1185 977 1249 vis
1006 1186 1094 1250 enim
1122 1195 1175 1249 est
1200 1207 1388 1271 permagna

218 1298 366 1369 naturae,
384 1327 425 1338 —-
443 1287 593 1372 confugit
614 1287 706 1366 illuc,
731 1293 769 1352 ut
788 1294 890 1373 neget
909 1289 1065 1354 accedere
1086 1289 1260 1374 quiequam
1280 1310 1384 1373 posse

219 1394 260 1458 ad
289 1393 495 1477 voluptatem
524 1391 608 1456 nihil
636 1391 791 1456 dolentis.
844 1393 892 1456 At
919 1392 983 1457 iste
1014 1415 1078 1456 non
1108 1391 1243 1457 dolendi
1270 1395 1384 1454 status

217 1518 285 1560 non
316 1501 453 1558 vocatur
490 1495 655 1578 voluptas.
712 1493 804 1556 ‘Non
836 1494 962 1558 laboro'
994 1493 1102 1578 iuquit
1134 1495 1190 1560 ‘de
1221 1493 1381 1558 nomine'.

219 1597 326 1677 Quid,
358 1597 445 1681 quod
479 1619 531 1661 res
563 1595 628 1660 alia
658 1601 732 1660 tota
759 1601 832 1662 est?
877 1597 1067 1680 ‘Reperiam
1098 1599 1220 1662 multos
1248 1597 1302 1660 vel
1330 1595 1383 1660 in·

217 1701 438 1769 numerabiles
453 1699 565 1784 potius
588 1721 654 1762 non
672 1705 743 1762 tam
758 1698 904 1764 curiosos
923 1710 1069 1764 nectam
1085 1701 1255 1780 molestos,
1281 1721 1384 1783 quam

217 1829 277 1869 vos
301 1790 393 1882 estis,
418 1803 548 1886 quibus,
574 1801 733 1886 quidquid
755 1802 870 1880 velim,
897 1803 995 1867 facile
1018 1803 1254 1890 persuadeam'.
1287 1802 1380 1867 Quid

219 1930 298 1992 ergo
320 1903 513 1971 'dubitamus
537 1904 626 1988 quin,
651 1904 679 1967 si
701 1928 767 1969 non
791 1905 902 1970 dolere
918 1906 1073 1990 voluptas
1089 1907 1134 1970 sit
1150 1929 1286 1985 summa,
1310 1927 1377 1970 non

220 2032 291 2076 esse
322 2009 358 2073 in
388 2009 562 2092 voluptate
595 2008 688 2072 dolor
719 2008 763 2072 sit
794 2008 976 2072 maximus?
1008 2032 1065 2074 cur
1095 2033 1162 2074 non
1190 2009 1229 2088 id¹
1247 2010 1296 2072 ita
1318 2008 1375 2072 fit?

220 2113 323 2178 ‘Quia
347 2111 455 2175 dolori
475 2134 541 2175 nou
557 2111 712 2195 voluptas
733 2111 896 2176 contraria
907 2109 974 2190 est,
994 2112 1058 2175 sed
1074 2112 1198 2176 doloris
1211 2109 1377 2197 privatie'.

219 2216 261 2279 X.
288 2213 352 2299 (29)
376 2215 450 2278 Hoc
474 2235 639 2278 veronen
661 2211 784 2292 videre,
808 2212 951 2280 maximo
975 2221 1170 2298 argumento
1194 2236 1265 2278 esse
1284 2214 1379 2278 volu·

217 2322 344 2402 ptatem
366 2315 470 2394 illam,
496 2338 560 2399 qua
583 2315 715 2380 sublata
736 2323 839 2400 neget
861 2337 896 2380 se
911 2316 1108 2402 intellegere
1132 2308 1274 2396 omnine,
1297 2315 1379 2400 quid

218 2419 262 2482 sit
286 2419 419 2497 bonum,
445 2457 486 2466 -
510 2439 582 2481 eam
605 2422 715 2482 autem
737 2417 784 2480 ita
805 2419 1029 2503 persequitur,
1060 2442 1142 2503 quae
1170 2421 1281 2505 palato
1303 2440 1379 2502 per·

219 2520 368 2605 cipiatur,
394 2541 477 2603 quae
501 2518 650 2584 auribus:
677 2526 787 2584 cetera
810 2520 914 2599 addit,
940 2543 1022 2605 quae
1046 2522 1074 2587 si
1090 2524 1247 2607 appelles,
1271 2524 1381 2588 hones

218 2621 416 2706 praefandus
433 2621 478 2684 sit
492 2644 550 2682 -ι
576 2622 639 2684 hoc
661 2620 774 2706 igitur,
800 2621 888 2706 quod
912 2623 1165 2688 solumbonum
1189 2647 1321 2689 severus
1347 2632 1384 2688 et

219 2862 327 2916 Stoiker
345 2879 402 2924 aus,
421 2861 518 2916 welche
536 2861 580 2916 die
597 2861 825 2918 Mittelzustiinde
844 2865 891 2918 der
907 2863 1058 2934 Bagierden
1076 2865 1230 2920 verwarfen.
1309 2865 1381 2922 alio

221 2937 263 2984 ‘zu
281 2931 368 2985 einem
386 2930 503 2985 anderen
522 2930 638 2994 Zwecke,
656 2950 692 2984 au
709 2934 792 2986 etwas
809 2931 961 2986 Anderem'.

288 2999 338 3053 28.
375 3018 423 3054 am
452 2998 575 3054 laxari:
612 3017 634 3053 e.
655 3004 699 3080 13,ι
713 3004 746 3079 4ξι
764 2999 895 3081 virtutem
913 3001 1015 3071 ipsam,
1039 3021 1121 3082 quam
1145 3001 1379 3074 amplexabantur,

220 3069 396 3122 sustulerunt.
480 3073 521 3131 14,
540 3071 572 3120 36
590 3072 623 3122 ut
641 3099 673 3107 —
692 3087 701 3121 ι
721 3087 930 3122 seusamm1-
951 3071 1134 3141 cognitionem
1152 3072 1376 3150 amplexarentur.

219 3137 373 3218 curiosos
398 3136 441 3220 die
459 3155 486 3190 es
505 3137 563 3192 sich
581 3155 629 3191 zur
646 3138 691 3191 Au
703 3136 771 3208 gabe
789 3137 916 3219 macheu,
941 3140 1082 3220 Unniitzes
1109 3139 1159 3220 auf
1180 3137 1378 3210 scharfsinmge

219 3206 359 3329 Wfflislu
374 3206 623 3330 {fleitelli
639 3205 767 3338 bal,
793 3206 1380 3332 dulltlttdtllsetall:

219 3344 303 3398 druck
321 3343 368 3398 des
386 3344 547 3410 Unwillens;
566 3343 629 3398 bald
648 3343 749 3398 darauf
762 3344 833 3414 folgt
850 3344 901 3400 hoc
919 3345 1005 3416 igitur
1023 3363 1078 3400 uon
1095 3345 1178 3401 videt.
1196 3346 1258 3416 Vgl.
1276 3347 1317 3400 1v
1335 3349 1380 3412 27,

219 3417 250 3466 76
270 3413 321 3466 hoc
339 3431 394 3466 nen
412 3413 514 3467 videre!
538 3413 568 3466 in
586 3413 662 3466 Verr.
681 3413 706 3465 V
724 3417 752 3476 6,
773 3418 805 3466 14
830 3416 975 3468 tantumne
993 3414 1092 3468 vidisse
1110 3414 1138 3468 in
1157 3418 1232 3470 metu
1248 3415 1380 3485 periculo-

219 3498 270 3551 que
287 3481 457 3552 previnciae?
535 3499 604 3534 eam
623 3484 734 3535 autem
751 3481 803 3535 ita
821 3484 1054 3552 persequitur,
1074 3501 1156 3552 quae
1172 3483 1289 3554 palato
1307 3501 1379 3554 per·

219 3549 249 3604 ci
256 3568 273 3619 p
274 3550 382 3672 trqtqp
418 3551 464 3604 Ita
482 3549 539 3672 uuql
557 3567 626 3652 quae
644 3550 841 3673 ῑιίιιὲιριιὺοιιιιιιιί)ὓ
849 3550 907 3605 sich
933 3552 1011 3644 uiclqt
1036 3552 1218 3674 fotlgertichtig.
1252 3553 1321 3676 ltdan
1330 3571 1387 3676 (qq.

218 3637 313 3740 lillis
330 3637 381 3740 bat
391 3621 727 3768 1’Cerrcselllllslleriu-(irruieeclll.
744 3691 764 3742 ii
784 3624 1308 3771 eqwtzqgsoffiqq>55uggqrygcqppqqtqv
1326 3653 1382 3771 pal

219 3755 1170 3890 llllrllfffllllltlllaldddadallddl‘blldbfilnll
1207 3758 1381 3884 ulddldll

219 3893 258 3946 sic
277 3891 418 3956 definiunt,
438 3892 620 3946 sublationem
638 3845 800 3948 animillsiue
818 3847 932 3948 ratidlnd
1019 3847 1130 3952 laclia
1149 3898 1182 3950 τὰ
1202 3868 1379 3970 ambedisse.

220 3961 327 4014 honos
344 3961 558 4030 praefandus
577 3961 624 4016 sit
655 3961 716 4016 ‘mit
732 3961 893 4017 Erlaubniss
910 3983 945 4018 zu
962 3967 1061 4035 sagen'.
1098 3965 1133 4018 Se
1152 3965 1228 4020 steht
1243 3967 1379 4028 honorem

218 4029 335 4100 praefari
354 4029 417 4083 oder
435 4029 523 4085 dicere
541 4030 711 4099 gewdhnlieh
729 4030 772 4085 bei
790 4031 922 4086 obsceneu
939 4033 1131 4088 Ausdriicken:
1151 4034 1185 4088 ad
1204 4035 1268 4088 fam.
1281 4033 1380 4098 Ixaa

219 4103 235 4152 4
255 4097 278 4152 si
296 4096 425 4178 dicimus:
455 4097 499 4153 ille
516 4103 624 4222 piatrem
643 4100 826 4182 strangulavit
844 4103 884 4167 (=
908 4103 1063 4172 stupravit),
1081 4102 1211 4157 bonorem
1228 4120 1284 4157 uon
1299 4120 1380 4172 prae·

219 4167 318 4230 famur,
337 4185 380 4220 sm
398 4166 431 4222 de
447 4169 520 4222 Aure
542 4186 558 4222 a
576 4168 679 4238 ahquid
697 4172 746 4223 aut
757 4169 957 4250 Loll1a‚·houos
975 4170 1138 4252 praefandus
1156 4175 1205 4226 est.
1223 4171 1277 4226 Zur
1289 4169 1382 4252 Sapha

220 4236 273 4306 vgl.
293 4235 325 4290 de
343 4241 400 4290 nat.
420 4235 491 4291 deor.
509 4237 584 4300 140,
604 4243 651 4291 111
671 4237 735 4291 Nou
754 4238 872 4292 arbitrer
890 4243 925 4300 te,
944 4239 1040 4302 Vellei,
1059 4241 1174 4296 smulem
1198 4258 1255 4295 esse
1276 4241 1379 4310 Epicu·

219 4323 328 4361 reorum
345 4303 523 4375 reliquorum,
548 4325 615 4376 quos
634 4325 689 4360 non
711 4306 813 4378 pudeat
835 4326 928 4362 earum
945 4307 1057 4378 Epicuri
1079 4327 1186 4371 vocum,
1210 4308 1308 4379 quibus
1330 4307 1381 4364 ille
