3020 4948
425 292 487 348 Lm.
506 294 545 348 II.
580 293 645 348 Crr.
663 293 774 348 IX-X.
812 297 840 360 ἐξ
860 299 969 350 28-30.
1228 300 1267 360 67

102 463 219 548 gravis
252 463 471 548 philosophus
504 465 613 544 novit,
647 465 733 530 idem
762 490 828 530 non
856 458 947 532 videt
979 489 1019 530 ne
1048 468 1268 551 expetendum

104 567 240 652 quidem
266 589 353 646 esse,
384 568 471 650 quod
495 589 566 632 eam
589 569 794 656 voluptatem
817 572 880 634 hoc
905 571 1020 634 eodem
1045 578 1179 636 auctore
1201 595 1268 636 non

109 669 347 748 desideremus,
378 692 452 734 cum
480 670 593 734 dolore
623 693 801 736 careamus.
848 673 956 737 Quam
984 675 1065 737 haec
1090 679 1167 738 sunt
1191 695 1267 738 con-

108 771 219 836 traria!
249 770 317 856 (30)
340 771 402 834 Hic
427 771 454 834 si
478 771 624 851 definire,
650 772 678 836 si
695 773 840 838 dividere
857 773 1037 852 didicisset,
1063 773 1091 837 si
1110 775 1268 858 loquendi

106 875 186 950 vim,
213 875 245 938 si
270 874 411 957 denique
433 876 706 942 consuetudinem
728 878 903 941 verborum
925 881 1070 956 teneret,
1099 901 1266 961 nunquam

108 978 267 1044 intantas
290 979 436 1042 salebras
452 979 635 1044 incidisset.
669 981 767 1045 Nunc
783 981 886 1060 vides,
913 982 990 1065 qnid
1011 981 1124 1046 faciat.
1158 981 1267 1046 Quam

111 1103 197 1144 nemo
213 1103 364 1164 unquam
380 1082 587 1166 voluptatem
604 1082 795 1166 appellavit,
821 1083 978 1168 appellat,
997 1105 1079 1166 quae
1096 1083 1159 1146 duo
1177 1088 1265 1160 sunt,

108 1207 203 1248 unum
224 1182 321 1246 facit.
354 1181 448 1246 Hanc
470 1183 504 1246 in
520 1188 612 1247 motu
627 1185 835 1269 voluptatem
850 1223 891 1232 -
908 1185 954 1248 sic
972 1186 1057 1250 enim
1073 1187 1132 1248 has
1149 1206 1265 1248 suaves

106 1293 137 1350 et
159 1287 258 1372 quasi
280 1287 394 1351 dulces
418 1289 605 1373 voluptates
629 1289 830 1374 appellat-
846 1289 1011 1353 interdum
1031 1289 1078 1352 ita
1097 1293 1264 1368 extenuat,

107 1401 143 1453 ut
162 1391 225 1454 M'.
253 1389 388 1454 Curium
419 1397 516 1475 putes
538 1391 646 1474 loqui,
678 1391 845 1456 interdum
873 1391 921 1456 ita
942 1391 1073 1469 laudat,
1103 1398 1156 1469 ut,
1188 1391 1266 1474 quid

108 1501 275 1576 praeterea
303 1493 347 1556 sit
373 1495 514 1573 bonum,
542 1498 644 1577 neget
672 1516 707 1557 se
738 1516 835 1578 posse
865 1515 905 1560 ne
933 1493 1092 1575 suspicari
1121 1493 1264 1576 quidem.

113 1595 200 1658 Quae
230 1594 297 1658 iam
329 1595 434 1659 oratio
466 1618 533 1659 non
564 1618 582 1658 a
610 1595 809 1680 philosopho
839 1595 965 1678 aliquo,
998 1595 1057 1659 sed
1081 1599 1104 1658 'a
1131 1616 1266 1658 censore

118 1699 320 1782 opprimenda
352 1706 414 1762 est.
460 1699 538 1763 Non
571 1705 623 1763 est
654 1701 740 1763 enim
768 1699 885 1763 vitium
912 1700 946 1762 in
975 1687 1122 1764 oratione
1145 1699 1264 1777 solum,

121 1799 286 1864 sedetiam
310 1799 344 1862 in
367 1800 525 1865 moribus.
571 1801 751 1865 Luxuriam
773 1824 840 1866 non
861 1799 1083 1884 reprehendit,
1108 1799 1205 1864 modo
1223 1801 1267 1864 sit

116 1924 210 1965 vacua
238 1902 368 1967 infinita
401 1903 580 1988 cupiditate
617 1911 652 1968 et
682 1904 812 1968 timore.
867 1904 939 1966 Hoc
975 1904 1049 1967 loco
1087 1902 1266 1987 discipulos

111 2009 261 2086 quaerere
283 2004 431 2084 videtur,
465 2013 503 2069 ut
535 2005 591 2088 qui
623 2006 708 2070 asoti
737 2026 807 2069 esse
835 2004 939 2069 velint
966 2004 1157 2088 philosophi
1188 2011 1265 2068 ante

110 2105 212 2170 fiant„

106 2417 223 2470 astatur
243 2432 271 2468 se
289 2432 322 2468 ne
339 2413 416 2468 intell
450 2431 494 2468 ere
512 2411 621 2483 quidem
639 2412 725 2468 ullum
743 2413 853 2475 bonum,
872 2411 945 2482 quod
963 2411 1000 2465 sit
1018 2410 1169 2466 seiunctum
1188 2430 1204 2464 a
1222 2411 1265 2466 de·

106 2483 192 2540 licctis
213 2485 241 2536 et
260 2482 384 2537 obscenis
401 2501 435 2536 vo
446 2481 597 2552 optatibus,
616 2499 684 2552 quas
703 2482 812 2551 quidem
838 2501 893 2536 non
916 2481 1073 2536 erubescens
1095 2480 1265 2552 persequitur

108 2571 198 2607 omnes
218 2551 391 2606 nominatim.
780 2581 785 2599 ,

168 2621 227 2676 30·
265 2620 299 2674 in
316 2623 435 2674 tantas
453 2619 609 2674 salebras
627 2619 827 2673 incidisset:
846 2619 872 2672 V
890 2623 931 2682 28,
945 2622 977 2678 84
995 2619 1088 2673 haeret
1105 2619 1134 2672 in
1153 2619 1264 2676 salebra.

103 2709 118 2742 a
145 2689 316 2811 pqlllaviq,
335 2687 566 2810 appeglatqssie
575 2687 689 2810 {migale
706 2687 914 2811 Fiissltimmm
931 2687 1139 2810 istuhe⁵⁰ii⁰hh
1149 2687 1192 2810 btei
1209 2705 1265 2742 ver·

103 2777 128 2812 so
161 2775 272 2814 eenen
314 2775 406 2812 ormen
444 2774 501 2811 esse
543 2776 562 2810 n
601 2774 629 2810 er
648 2774 709 2810 ums
747 2775 764 2810 a
827 2774 892 2811 zor.
929 2798 935 2810 .
1013 2775 1029 2810 a
1080 2798 1088 2820 ,
1172 2777 1190 2811 u
1208 2773 1265 2810 rem

101 2828 245 2897 publicam
262 2825 448 2896 reprehendis,
471 2843 540 2894 quae
557 2825 720 2880 domesticos
738 2775 845 2889 hostis,
869 2775 957 2879 nepab
976 2825 1010 2879 iis
1034 2826 1093 2896 ipsa
1115 2828 1264 2888 necaretur,

102 2896 233 2950 necavit?
262 2913 299 2948 or.
318 2895 389 2949 Phil.
408 2895 496 2957 1144,
516 2899 566 2947 114
593 2893 645 2955 Illi,
665 2893 737 2963 quod
755 2913 833 2948 nemo
852 2895 959 2956 fecerat,
978 2895 1106 2949 fecerunt.
1141 2893 1265 2949 Wichert

100 2965 148 3019 lat.
168 2963 241 3018 Still.
261 2964 288 3017 S.
305 2967 364 3018 445.
469 2962 978 3032 quaeduosunt,nnumfacit.
1013 2962 1153 3017 Ineinem
1170 2961 1265 3017 Worte

102 3034 176 3090 sasst
196 3050 224 3086 er
242 3033 306 3088 zuei
322 3031 449 3100 Bcgriffe‚
467 3033 538 3086 Lust
556 3031 613 3085 und
631 3031 894 3101 Schmerzlosighcit,
912 3049 1076 3086 zusammen.
1145 3032 1193 3085 M’.
1206 3031 1265 3085 Cu·

101 3105 179 3158 rins
200 3101 386 3164 Dentatus,
414 3101 458 3156 ein
475 3101 557 3154 homo
576 3117 670 3162 novus,
690 3100 803 3155 dreimal
822 3103 891 3166 (290,
910 3104 968 3164 275,
987 3102 1049 3166 274)
1068 3099 1176 3162 Consul,
1196 3100 1263 3168 sieg-

102 3173 183 3225 reich
201 3171 238 3224 im
255 3169 374 3242 Kampfe
411 3187 477 3239 egen
495 3169 538 3223 dio
557 3169 707 3233 Samniter,
727 3169 840 3222 Sabiner
857 3167 914 3221 und
932 3168 1068 3238 Pyrrhus,
1086 3169 1145 3238 galt
1163 3168 1202 3221 als
1221 3169 1264 3222 ein

106 3241 218 3294 Mustcr
235 3240 279 3294 der
297 3189 474 3294 Einfaohheit
491 3237 549 3292 und
573 3237 858 3307 Uneigenni'rtzigkeit.
894 3237 927 3289 de
945 3255 1000 3290 sen.
1021 3241 1060 3299 16,
1079 3242 1111 3289 55
1134 3236 1265 3290 admirari

106 3308 180 3363 satis
199 3326 250 3361 non
266 3327 377 3379 possum
396 3308 438 3361 vel
454 3305 574 3361 hominis
591 3306 676 3376 ipsius
695 3305 892 3360 continentiam
909 3306 950 3358 vel
972 3309 1027 3358 tem
1047 3321 1126 3358 orum
1148 3303 1216 3358 disci
1234 3305 1264 3358 li-

103 3397 183 3432 nam.
255 3396 292 3431 ne
321 3380 354 3431 et
371 3395 403 3430 se
420 3394 518 3446 posse
535 3393 573 3429 ne
591 3375 763 3446 suspicari
782 3375 925 3444 quidem.
961 3373 1012 3427 Die
1058 3323 1264 3443 egationenhe·

103 3448 159 3503 ben
178 3445 235 3500 sich
253 3397 331 3501 nicht
349 3445 412 3509 auf,
440 3445 511 3499 donn
537 3462 620 3498 ne-
658 3443 749 3498 uidem
775 3442 841 3496 heht
859 3461 911 3496 nur
929 3442 978 3496 das
1001 3461 1046 3495 sus
1065 3442 1132 3523 icari
1159 3443 1263 3496 hervor.

105 3535 121 3640 q
141 3513 518 3638 ⁰³1¹J¹Sqir⁰·⁰p(fri¹3⁰¹3d²
536 3516 630 3635 est..h
657 3513 731 3636 eberZ
736 3512 788 3567 den
798 3511 948 3646 iiiiii&
967 3512 1013 3566 der
1054 3519 1141 3581 rapos.
1160 3529 1176 3564 a
1195 3514 1266 3565 statt

124 3604 153 3640 es
200 3603 271 3638 avs
289 3603 319 3637 ιιι
356 3601 384 3637 er
425 3601 517 3652 onpug.
535 3600 610 3652 persp
631 3600 652 3636 r.
671 3601 692 3635 s.
732 3601 797 3652 ump
914 3622 920 3634 .

175 3670 232 3724 Mic
248 3669 371 3724 Unrecht
387 3669 463 3724 leitet
480 3669 581 3740 Epicur
599 3667 643 3724 die
660 3668 733 3722 Lust
750 3667 789 3721 als
807 3667 855 3721 das
874 3665 990 3722 hochste
1002 3665 1060 3720 Gut
1078 3683 1127 3719 aus
1145 3664 1208 3720 dem
1226 3682 1264 3718 er·

105 3743 171 3795 sten
187 3739 341 3793 Entstehen
358 3737 482 3793 lobender
499 3741 596 3792 Wesen
614 3737 657 3800 ab,
676 3736 746 3790 denn
764 3755 791 3790 es
809 3735 876 3790 wird
894 3735 971 3790 nicht
989 3733 1150 3804 angegeben,
1170 3732 1203 3788 ob
1222 3733 1266 3788 die

104 3809 178 3862 Luat
196 3808 226 3861 in
243 3808 327 3861 Ruhe'
341 3806 404 3861 oder
421 3807 451 3864 in
468 3805 624 3878 Bewegung
647 3825 682 3859 zu
708 3805 848 3859 verstehen
875 3805 921 3858 sei.
956 3803 1055 3858 Feruor
1081 3803 1119 3857 ist
1145 3801 1192 3857 der
1218 3822 1265 3857 ur-

106 3876 284 3948 spri'mgliche
301 3874 464 3930 Naturtrieb
482 3875 561 3929 nicht
584 3874 627 3929 die
644 3874 732 3997 huslt,
760 3873 875 3954 sondern
902 3872 1120 3995 diedSelqbstlieqre
1146 3871 1203 3994 End
1222 3870 1266 3925 die

106 3944 446 4095 {tritantur
449 3943 924 4094 attentantur
934 3983 1023 4092 nisg’e
1033 3959 1184 4064 ²130„AEth
1217 3957 1264 4088 {t}

106 4083 230 4152 gehtren
246 4083 313 4137 vrele
331 4083 428 4138 andere
445 4083 501 4136 Dm
521 4100 535 4136 e
553 4100 645 4136 ausser
657 4031 710 4134 her
726 4081 797 4134 Lust
814 4079 870 4134 und
888 4099 941 4134 von
959 4079 1045 4134 dreser
1062 4077 1264 4156 Naturbestrm·

107 4171 175 4206 mun
213 4152 280 4233 geht
298 4151 341 4206 die
358 4169 443 4222 ganza
460 4101 548 4205 heire
564 4169 627 4205 vom
645 4149 779 4229 hhqhsten
795 4148 854 4229 tint
872 4147 928 4228 urrd
945 4147 1029 4228 Uehel
1047 4165 1103 4202 aus.
1122 4147 1174 4200 Die
1191 4145 1263 4199 hhrr·

107 4239 162 4289 gen
179 4220 364 4357 2hqlpqophen
382 4219 443 4276 sind
461 4223 632 4290 consequent,
650 4219 751 4289 Eprcnr
769 4215 955 4288 wldersprrcht
978 4216 1043 4270 srch.
1076 4215 1152 4285 (Cap.
1173 4217 1212 4277 10,
1231 4218 1262 4267 31

1015 4371 1050 4422 5*
