3020 4948
228 293 269 362 50
459 289 512 344 DE
529 287 681 344 FINIBUS
699 287 884 344 BONOBUM
902 289 949 343 nr
961 289 1156 367 'MALORUM

227 483 302 526 nem
334 460 483 544 rapidam
511 479 673 524 coerceas.
722 459 840 525 Omnis
868 467 980 524 autem
1011 461 1045 524 in
1073 462 1274 544 quaerendo,
1304 484 1404 545 quae

227 563 280 628 via
303 564 445 648 quadam
470 571 502 626 et
525 561 654 627 ratione
676 563 833 640 habetur,
868 563 972 628 oratio
1001 563 1222 648 praescribere
1245 564 1404 650 primum

228 666 344 743 debet,
375 673 412 728 ut
437 663 634 748 quibusdam
660 664 695 728 in
723 664 873 729 formulis
897 686 939 730 nn
961 686 1019 730 nne
1043 687 1188 746 neurus,
1217 674 1270 746 ut,
1299 667 1407 730 inter

228 791 309 852 quos
339 767 530 846 disseritur,
563 765 738 832 conveniat
766 767 844 851 quid
875 769 918 831 sit
946 769 999 848 id,
1031 769 1070 832 de
1101 792 1165 852 quo
1193 769 1403 834 disseratur.

225 871 274 936 II.
300 869 345 955 (4)
368 869 442 934 Hoc
466 869 613 954 positum
635 869 670 934 in
692 871 842 934 Phaedro
872 893 890 934 a
912 871 1054 935 Platone
1083 871 1237 955 probavit
1263 871 1404 956 Epicu·

225 999 280 1040 rus
313 974 483 1057 sensitque
511 974 545 1038 in
574 973 664 1038 omni
692 972 917 1058 disputatione
949 975 985 1039 id
1011 975 1083 1040 fieri
1110 982 1273 1060 oportere.
1321 977 1402 1040 Sed

225 1078 314 1163 quod
336 1076 522 1161 proximum
546 1075 610 1139 fuit
633 1097 700 1139 non
722 1076 822 1152 vidit,
847 1084 951 1160 negat
974 1077 1061 1140 enim
1085 1076 1214 1142 definiri
1229 1098 1298 1140 rem
1313 1078 1399 1162 pla-

225 1201 309 1259 cere,
335 1179 405 1242 sine
429 1201 493 1262 quo
518 1177 588 1242 fieri
616 1177 784 1242 interdum
811 1201 878 1242 non
906 1184 1019 1262 potest
1039 1180 1085 1265 {ut
1111 1178 1198 1244 inter
1226 1200 1297 1258 eos,
1331 1182 1398 1264 qui

224 1281 418 1366 ambigunt,
450 1279 642 1358 conveniat,
674 1279 753 1364 quid
777 1280 820 1344 sit
843 1280 893 1360 id,
920 1281 960 1345 de
984 1304 1048 1365 quo
1072 1289 1207 1366 agatur;
1236 1282 1333 1345 velut
1357 1283 1400 1348 in

223 1387 287 1450 hoc
309 1383 398 1468 ipso,
424 1382 464 1446 de
488 1405 552 1467 quo
575 1403 663 1445 nuno
688 1381 907 1466 disputamus.
954 1381 1152 1448 Quaerimus
1175 1382 1263 1446 enim
1285 1383 1394 1450 finem

223 1489 401 1553 bonorum:
427 1507 643 1571 possumusne
667 1487 731 1549 hoc
754 1485 837 1549 scire
862 1486 958 1568 quale
983 1485 1038 1564 sit,
1063 1485 1126 1548 nisi
1148 1487 1392 1551 contulerimus

222 1591 409 1668 internos,
441 1611 515 1654 cum
537 1588 637 1652 finem
660 1588 823 1654 bonorum
851 1588 1046 1668 dixerimus,
1076 1588 1155 1673 quid
1181 1588 1273 1667 finis,
1304 1589 1389 1674 quid

223 1694 324 1760 etiam
353 1693 398 1756 sit
429 1691 538 1776 ipsum
569 1692 715 1758 bonum?
761 1690 803 1776 (b)
828 1692 934 1775 Atqui
967 1694 1047 1755 haec
1080 1691 1258 1775 patefactio
1292 1694 1394 1776 quasi

222 1817 331 1861 rerum
355 1801 558 1880 operturum,
589 1815 663 1857 cum
692 1793 770 1876 quid
800 1793 943 1878 quidque
972 1794 1016 1858 sit
1045 1793 1206 1878 aperitur,
1235 1792 1395 1860 definitio

224 1906 291 1964 est:
332 1905 456 1982 quatu
479 1896 580 1962 etiam
603 1895 793 1980 imprudens
817 1895 954 1961 utebare
978 1918 1044 1960 non
1072 1918 1251 1981 nunquam.
1297 1897 1396 1962 Nam

221 2005 310 2068 hunc
333 2001 442 2086 ipsum
466 1999 534 2064 sive
557 2000 658 2064 finem
681 1999 749 2064 sive
773 2005 958 2064 extremum
981 1999 1048 2064 sive
1072 1999 1227 2062 ultimum
1250 2000 1395 2066 definic-

220 2108 280 2172 bas
303 2106 338 2170 id
361 2124 450 2183 esse,
476 2125 540 2188 quo
565 2103 691 2182 omnia,
717 2125 800 2186 quae
823 2110 914 2167 recte
938 2102 1066 2180 fierent,
1091 2101 1303 2180 referrentur,
1327 2126 1393 2168 ne-

222 2230 285 2294 que
317 2207 352 2272 id
383 2207 492 2291 ipsum
524 2227 663 2290 usquam
694 2204 883 2268 referretur.
939 2205 1110 2269 Praeclare
1142 2205 1206 2268 hoc
1237 2204 1389 2289 quidem.
1505 2207 1506 2222 ¹

221 2315 352 2376 Bonum
375 2310 483 2394 ipsum
507 2309 608 2373 etiam
632 2308 711 2393 quid
727 2314 827 2388 esset,
852 2307 1004 2386 fortasse,
1030 2307 1059 2370 si
1074 2330 1155 2392 opus
1172 2306 1300 2389 fuisset,
1325 2309 1388 2372 de-

223 2415 353 2480 finisses
378 2419 436 2476 aut
460 2413 549 2496 quod
572 2419 660 2476 esset
683 2419 801 2476 natura
833 2411 1056 2496 appetendum
1084 2419 1142 2474 aut
1172 2413 1260 2495 quod
1285 2413 1390 2496 prod·

222 2652 283 2706 fene
301 2650 420 2704 erfasscn
437 2648 495 2703 und
513 2648 668 2704 festhalten.
703 2650 894 2713 acaunus,
914 2655 963 2704 139
987 2653 1096 2704 revocat
1117 2649 1205 2704 virtus
1227 2649 1268 2704 vel
1289 2650 1391 2720 potius
1503 2613 1505 2704 ,³

221 2719 394 2792 reprehendit
411 2737 503 2772 manu.
573 2718 629 2772 via
648 2717 793 2787 quadam
812 2720 1038 2774 strutiones.
1056 2722 1122 2772 zul
1140 2722 1163 2780 9,
1183 2722 1224 2772 29.
1292 2737 1390 2790 prae-

222 2788 373 2844 scribere
392 2788 435 2841 ein
450 2786 624 2856 juristischer
642 2787 799 2851 Ausdruck‚
826 2789 879 2842 mit
896 2787 1023 2844 welchem
1050 2787 1099 2840 das
1126 2786 1281 2842 bezeichnet
1307 2788 1390 2852 wird,

223 2876 279 2913 was
297 2857 344 2912 der
355 2855 539 2911 Rechtssuohc
556 2860 746 2926 vorangcsctzt
762 2855 861 2911 wurde.
880 2858 935 2912 Der
946 2857 1059 2926 Anfang
1077 2855 1179 2911 solcher
1196 2857 1389 2927 praescriptio·
1502 2887 1505 2896 .

222 2943 268 2980 nes
286 2944 342 2980 war
359 2923 543 2997 gewbhnlich=
562 2942 592 2979 ea
610 2943 653 2980 res
672 2929 779 2996 agatur.
815 2925 876 2996 vgl.
895 2926 921 2980 V
939 2930 979 2989 29,
999 2931 1040 2980 88.

287 3081 326 3148 Π.
355 3081 590 3164 Widcrlegung
613 3081 670 3146 dor
692 3082 928 3165 epicureisohen
950 3083 1061 3148 Lehre.
1107 3084 1181 3167 Gap.
1206 3083 1313 3148 2—33.

289 3200 343 3256 Cic
362 3200 380 3254 b
416 3199 422 3211 '
444 3205 477 3254 nt
495 3198 538 3252 die
555 3198 749 3270 Widerlegung
767 3199 814 3254 der
833 3219 846 3254 e
865 3200 1031 3254 icureischeu
1049 3201 1137 3255 Lehre
1160 3220 1223 3256 vom
1245 3198 1384 3254 hdebsten

219 3269 292 3325 Gute
309 3269 366 3325 und
411 3268 476 3349 ebel3
498 3269 523 3323 n
542 3267 601 3348 icur
619 3273 693 3323 steht
711 3269 755 3323 bei
773 3269 819 3324 der
837 3219 1010 3325 testimmun
1047 3269 1094 3324 des
1112 3269 1229 3340 Begriffe
1247 3269 1293 3324 der
1309 3267 1387 3322 Irust

218 3339 271 3394 mit
290 3339 349 3394 sich
367 3337 451 3392 solbet
469 3357 508 3392 nn
561 3335 736 3418 iderspruch3
760 3339 831 3392 deun
850 3338 912 3394 bald
931 3342 1019 3392 verstc
1040 3341 1053 3392 t
1071 3356 1099 3392 er
1117 3337 1247 3394 demutor
1269 3337 1312 3392 die
1335 3355 1385 3390 an·

218 3409 349 3477 genchme
375 3407 519 3487 Erregung
546 3405 593 3459 der
620 3406 715 3469 Smne,
745 3407 796 3460 wie
822 3405 872 3460 alle
902 3406 1020 3486 anderen
1048 3407 1214 3486 Menschen,
1245 3406 1309 3460 bald
1337 3405 1384 3463 die
1498 3417 1499 3420 ’

219 3476 481 3547 Sohmerzlosigkert.
511 3473 584 3530 Aber
601 3474 673 3529 Lust
690 3473 747 3528 und
766 3475 1020 3544 Schmerzlosrgkeit
1039 3476 1100 3530 sind
1116 3495 1171 3531 von
1188 3476 1316 3530 emunder
1332 3493 1385 3528 un·
1500 3527 1501 3531 ,

218 3545 395 3609 terechieden,
413 3544 491 3599 nicht
508 3541 652 3598 identisch.
693 3543 768 3612 (Cap.
788 3547 811 3596 2.
830 3546 866 3610 3.)

288 3614 317 3668 4·
337 3614 373 3668 in
390 3612 553 3668 Phaedro
571 3629 597 3680 p.
617 3612 699 3666 237ss
719 3612 798 3685 Περὶ
817 3613 932 3677 παντός,
954 3602 977 3668 ci
996 3622 1058 3678 παῖ,
1078 3619 1130 3686 μιά
1150 3612 1221 3687 ἀρχὴ
1241 3621 1301 3675 τοῖς
1318 3615 1386 3684 μὲλ-

218 3687 304 3772 tocco
323 3681 656 3767 potdgflpotedeorfur·
677 3681 786 3738 εἰδέναι
806 3682 854 3736 δεῖ
869 3687 935 3756 περὶ
950 3676 985 3737 οὗ
1000 3681 1034 3738 ἂν
1052 3673 1072 3756 ᾗ
1091 3682 1218 3753 ἡβουλή,
1237 3679 1253 3752 ἢ
1273 3681 1387 3744 παντὸς

219 3772 538 3900 αμαῗανῗιζηξῗξγιῖξᾶ
591 3819 648 3873 uid
676 3837 716 3872 ue
742 3820 789 3873 sit
815 3819 977 3899 aperitur.
1023 3820 1058 3873 So
1077 3819 1152 3874 steht
1168 3837 1230 3874 cum
1249 3818 1301 3874 mit
1318 3817 1385 3898 dem

217 3888 278 3943 Ind.
298 3905 346 3942 zur
363 3887 543 3957 Emfuhrung
562 3839 610 3942 der
627 3889 665 3943 Er
685 3889 784 3958 ltrung
802 3887 835 3941 de
853 3887 937 3942 divin.
955 3888 985 3942 Π
1004 3893 1045 3952 54,
1065 3893 1112 3942 111
1133 3887 1298 3963 ἀκροστιχίς
1315 3886 1384 3940 dicr-

218 3960 272 4019 tur,
292 3975 355 4010 cnm
374 3955 499 4026 deinceps
517 3974 548 4011 ex
565 3957 661 4027 primis
686 3957 816 4028 cuiusque
843 3975 935 4011 versus
964 3956 1063 4012 litteris
1090 3956 1193 4028 aliquid
1220 3955 1384 4011 conectitur.

218 4025 294 4080 Caes.
313 4024 338 4078 b.
357 4044 383 4094 g.
403 4025 426 4077 V
447 4029 488 4087 21,
508 4029 523 4077 3
542 4025 679 4106 Oppidum
697 4030 789 4081 autem
806 4026 935 4080 Britanni
952 4031 1064 4086 vocant,
1089 4044 1151 4080 cum
1169 4026 1251 4080 siivas
1268 4023 1383 4148 impedi·

217 4099 262 4148 tas
280 4093 350 4148 vallo
368 4095 451 4163 atque
469 4094 542 4148 fossa
561 4099 726 4150 munienmt.
797 4094 948 4150 utebare.
967 4095 1084 4150 Formcn
1102 4094 1150 4148 der
1167 4099 1193 4149 2.
1210 4095 1284 4150 Pers.
1323 4111 1383 4162 mg.

218 4163 295 4218 Pass.
342 4162 408 4232 flegt
435 4162 491 4217 Cic.
517 4162 569 4218 mit
596 4163 721 4218 Vorliebe
747 4164 927 4228 abzuktrzen,
954 4163 1068 4218 niemals
1082 4162 1182 4233 jedoch
1201 4163 1244 4218 die
1262 4167 1286 4216 3.
1304 4162 1383 4215 Pers.

217 4231 292 4287 Plnr.
335 4232 383 4286 erf.
402 4233 463 4286 Act.
483 4231 583 4303 Zumpt
603 4235 615 4299 ἓ
637 4238 693 4287 166.
764 4233 963 4288 definiebas
981 4231 1015 4286 id
1035 4233 1182 4297 esseI9,
1201 4236 1242 4287 29.
1324 4249 1380 4284 ne·

217 4319 280 4373 que
298 4300 331 4354 id
350 4299 465 4374 ipsum
484 4319 626 4372 usquam
645 4303 837 4357 referretur
854 4327 877 4350 =
896 4301 1008 4372 etquod
1029 4300 1105 4368 (oder
1123 4303 1163 4356 ita
1181 4305 1213 4356 ut
1231 4300 1270 4369 id)
1289 4301 1382 4371 ipsum
