3020 4948
247 299 289 364 90
482 297 534 353 DE
551 297 702 352 FINIBUS
719 294 905 352 Bonosum
922 295 969 352 leh
987 295 1177 351 Mnuoaou

246 469 382 534 medicis
405 470 480 552 plus
504 490 603 551 quam
624 466 833 552 philosophis
856 473 1024 531 uteretur:
1053 465 1146 530 color
1168 465 1326 550 egregius,
1347 464 1390 527 in·

249 580 347 657 tegra
369 571 544 649 valetudo,
573 593 701 635 summa
724 569 852 654 gratia,
881 569 952 634 vita
976 568 1117 653 denique
1141 567 1288 633 conserta
1309 567 1391 631 volu·

245 681 379 761 ptatum
401 673 548 739 omnium
570 672 743 738 varietate.
779 669 844 756 (65)
868 671 967 736 Hunc
983 695 1042 736 vos
1058 672 1210 736 beatum:
1234 671 1315 735 ratio
1330 671 1392 753 qui·

246 777 323 842 dem
344 784 456 842 vestra
479 775 526 840 sic
550 775 661 859 cogit:
687 781 722 838 at
746 795 808 859 ego
832 796 931 858 quem
954 774 1030 838 huic
1053 780 1253 858 anteponam
1267 795 1330 837 non
1344 795 1392 836 au·

247 879 309 944 deo
333 878 456 943 dicere:
497 878 587 942 dicet
609 899 668 961 pro
691 897 744 941 me
766 877 838 962 ipse
860 877 967 942 virtus
989 898 1051 941 nec
1075 877 1244 941 dubitabit
1264 875 1319 938 isti
1344 896 1392 938 ve·

247 990 316 1047 stro
340 984 439 1047 beato
463 981 512 1046 M.
536 982 704 1064 Regulum
727 986 939 1064 anteponere,
965 1002 1063 1064 quem
1085 980 1229 1063 quidem,
1254 999 1326 1042 cum
1343 999 1393 1040 sus
1475 1035 1476 1068 ,

247 1086 442 1165 voluntate,
475 1085 568 1148 nulla
599 1085 632 1148 vi
664 1091 801 1148 coactus
823 1090 956 1170 praeter
986 1083 1107 1163 fidem,
1141 1105 1240 1167 quam
1270 1081 1393 1146 dederat
1475 1071 1476 1148 ἐ

248 1189 348 1268 hosti,
374 1211 415 1252 ex
437 1187 544 1272 patria
566 1185 812 1270 Karthaginem
833 1186 1047 1266 revertisset,
1076 1194 1150 1250 tum
1171 1186 1298 1270 ipsum,
1330 1205 1393 1247 cum

245 1291 369 1376 vigiliis
393 1289 537 1355 etfama
563 1273 783 1368 cruciaretur,
817 1290 941 1354 clamat
962 1290 1068 1354 virtus
1097 1289 1279 1353 beatiorem
1304 1285 1393 1350 fuisse

248 1417 347 1478 quam
369 1399 543 1478 potantem
564 1393 597 1456 in
621 1415 696 1458 rosa
712 1391 882 1456 Thorium.
907 1393 1004 1457 Bella
1026 1414 1148 1476 magns
1171 1397 1328 1476 gesserat,
1349 1388 1392 1451 his
1476 1409 1477 1412 ¹

61 1491 62 1494 '
93 1513 94 1516 ’
215 1533 216 1536 =
245 1492 361 1562 consul
379 1496 498 1577 fuerat,
523 1496 755 1580 triumpharat,
781 1516 842 1559 nec
857 1501 971 1560 tamen
987 1518 1046 1560 sua
1068 1496 1127 1560 illa
1150 1497 1315 1579 superiora
1334 1500 1394 1558 tam

245 1622 366 1684 magna
387 1620 494 1683 neque
517 1605 585 1664 tam
617 1599 785 1682 praeclara
815 1597 959 1664 ducebat
990 1621 1089 1682 quam
1119 1599 1217 1663 illum
1253 1599 1394 1663 ultimum

246 1725 371 1777 casum,
397 1724 494 1785 quem
517 1709 652 1786 propter
674 1699 775 1765 fidem
798 1701 1086 1786 constantiamque
1110 1708 1316 1788 susceperat,
1347 1701 1393 1784 qui
1477 1695 1478 1726 r

245 1804 341 1870 nobis
365 1804 563 1870 miserabilis
595 1804 728 1868 videtur
758 1804 990 1884 audientibus,
1023 1804 1074 1868 illi
1104 1803 1305 1889 perpetienti
1334 1809 1394 1867 erat

244 1908 462 1993 voluptarius.
510 1907 588 1970 Non
611 1905 699 1970 enim
722 1905 892 1971 hilaritate
915 1927 976 1972 uec
999 1906 1136 1972 lascivia
1163 1929 1225 1972 nec
1254 1907 1319 1972 risu
1345 1911 1393 1969 aut

245 2012 329 2092 ioco,
355 2011 476 2076 comite
499 2009 668 2088 levitatis,
698 2031 796 2094 saepe
820 2011 921 2075 etiam
943 2009 1057 2075 tristes
1081 2011 1241 2076 firmitate
1265 2017 1298 2075 et
1328 2029 1393 2072 con·
1478 2021 1479 2032 ¹

244 2115 369 2179 stantia
392 2122 471 2178 sunt
494 2113 595 2179 beeth
644 2113 708 2197 (66)
742 2113 901 2197 Stuprata
924 2135 981 2197 per
1004 2114 1072 2177 vim
1099 2113 1256 2179 Lucretia
1279 2137 1297 2178 a
1317 2110 1393 2194 regis

244 2218 324 2298 filio,
348 2224 475 2282 testata
497 2217 598 2296 cives,
623 2237 658 2280 se
680 2216 753 2299 ipsa
775 2215 956 2280 interemit.
988 2216 1054 2280 Hic
1082 2216 1179 2282 dolor
1206 2216 1318 2302 populi
1337 2215 1393 2277 llo-

244 2320 332 2385 mani
348 2320 431 2384 duce
448 2327 483 2383 et
506 2327 641 2384 auctore
665 2320 771 2382 Bruto
796 2339 894 2382 cause
918 2318 1047 2383 civitati
1070 2319 1240 2384 libertatis
1263 2318 1334 2397 fuit,
1357 2315 1392 2380 ob

246 2525 299 2578 gen
316 2504 374 2562 und
392 2507 431 2560 als
449 2505 546 2576 Object
564 2505 603 2560 im
620 2505 788 2560 Relativaatz
807 2506 990 2577 ausgelassen.
1007 2507 1115 2562 Anders
1132 2507 1173 2564 im
1185 2509 1344 2570 Dentschsn,
1359 2521 1393 2559 wo

244 2577 294 2630 wir
311 2579 456 2630 erwarten:
485 2593 574 2655 quem,
593 2574 618 2629 si
635 2574 659 2628 is
677 2572 798 2634 adesset.
817 2591 865 2629 nec
883 2575 1001 2630 molliter
1018 2577 1109 2632 ferret.
1144 2578 1179 2633 de
1197 2583 1254 2634 nat.
1272 2578 1340 2632 deor.
1355 2573 1393 2628 ΠΙ

244 2649 285 2709 14,
303 2647 336 2698 35
355 2643 550 2724 quiquoniam
568 2642 634 2713 quid
651 2641 752 2697 diceret
770 2643 891 2714 intellegi
907 2643 1004 2708 noluit,
1022 2645 1194 2701 omittamus.
1213 2646 1275 2718 Vgl
1287 2645 1350 2701 oben
1364 2661 1393 2696 aa

245 2733 267 2770 c.
287 2717 329 2777 16,
341 2716 373 2765 51
393 2711 492 2782 quibus
511 2712 535 2766 si
554 2740 584 2750 —
604 2713 754 2766 uterentur.
859 2730 916 2766 nec
934 2713 1089 2769 molliter
1107 2715 1216 2771 ferret
1239 2720 1287 2771 eto.
1321 2713 1392 2768 Sina:

243 2783 333 2838 Hitte
350 2780 399 2836 ihu
417 2778 465 2835 der
482 2779 608 2834 Schmerz
646 2779 767 2844 etroffen,
786 2778 838 2834 den
850 2781 953 2852 Epicur
970 2781 1016 2837 fur
1033 2783 1182 2854 ertriglioh
1200 2785 1300 2840 erhh'irt
1316 2782 1391 2839 hatte,
1480 2795 1481 2798 ’

243 2869 273 2906 so
291 2847 384 2933 wiirde
402 2867 430 2903 er
446 2849 496 2902 ihn
514 2799 659 2930 stendhait
676 2851 810 2919 ertragem
828 2850 893 2905 aber
910 2849 992 2914 doch,
1016 2851 1106 2906 rosera
1124 2870 1153 2907 es
1171 2854 1245 2910 einer
1262 2851 1341 2934 Hiilfe
1356 2866 1392 2920 ge
1480 2849 1481 2856 ’

242 2917 513 3068 dddldhbuiedlirdiid
531 2916 1393 3059 niihilbiblpihdriiziiniuTIidiieadezipgdriddidbedlbldltbrdidichl

242 3056 395 3119 standhalt‚
412 3055 491 3111 nicht
508 3056 655 3126 gelassen';
678 3054 800 3126 dagegen
818 3055 851 3111 de
869 3075 924 3112 sen.
943 3061 968 3120 2,
987 3061 1003 3111 5
1021 3057 1094 3128 quod
1113 3059 1254 3115 ferendum
1276 3063 1316 3114 est
1336 3053 1392 3111 mol·

241 3126 304 3182 liter
321 3125 439 3196 sapienti
456 3130 519 3180 ‘was
538 3124 585 3180 der
602 3124 692 3179 Weiss
708 3123 831 3196 gelassen
848 3129 976 3198 ertrageu
991 3129 1087 3183 muss’.

311 3194 362 3249 65.
381 3195 479 3250 Hunc
496 3212 553 3248 vos
572 3194 711 3249 beatum
729 3193 811 3248 niiml.
829 3195 967 3250 iudicatis.
1025 3196 1064 3250 M.
1082 3195 1222 3252 Atilius
1240 3194 1391 3267 Regulus:

242 3264 275 3319 de
293 3263 338 3318 off.
356 3265 371 3319 I
390 3267 431 3329 13,
444 3267 477 3316 29
496 3281 558 3318 cum
576 3263 738 3318 retineretur
756 3282 772 3317 a
790 3264 887 3335 propin
906 3265 950 3319 uis
966 3267 995 3319 et
1013 3263 1048 3318 ab
1066 3265 1170 3330 amicis,
1190 3266 1226 3321 ad
1243 3261 1392 3336 supplicium

240 3332 329 3389 redire
346 3331 446 3387 maluit
462 3351 545 3403 quam
563 3331 643 3386 fidem
661 3332 736 3387 hosti
754 3331 848 3386 datam
865 3283 964 3388 seihero.
987 3333 1033 3388 111
1051 3337 1093 3397 26,
1110 3338 1144 3388 99
1163 3353 1226 3390 cum
1245 3331 1391 3389 consulite·

240 3421 303 3457 rum
320 3402 350 3456 in
367 3400 461 3456 Africa
479 3419 510 3455 ax
527 3399 636 3455 insidiis
654 3404 750 3470 captus
768 3406 848 3462 esset,
861 3431 893 3440 -·
912 3403 1019 3458 iuratus
1038 3403 1138 3458 missus
1156 3409 1199 3459 est
1216 3404 1251 3458 ad
1270 3403 1391 3457 senatum,
1480 3453 1481 3474 ,

241 3475 282 3534 ut,
300 3470 356 3525 nisi
371 3469 474 3525 redditi
491 3473 581 3524 essent
598 3469 698 3523 Poenis
716 3469 819 3538 captivi
836 3469 940 3524 nobiles
958 3469 1079 3541 quidam,
1097 3471 1198 3528 rediret
1216 3473 1272 3554 ipse
1283 3467 1391 3526 Kartha·
1479 3485 1481 3526 1

241 3540 340 3610 ginem.
360 3538 386 3592 V
405 3539 423 3592 l.
441 3538 596 3592 Mommsen
613 3540 683 3592 rdm.
701 3535 799 3591 Gesch.
817 3536 851 3591 1⁶
868 3539 895 3592 S.
914 3543 965 3593 530
981 3540 1063 3594 Anm.
1133 3543 1205 3596 tum
1222 3558 1330 3612 ipsum
1346 3542 1391 3605 ‘gr-

240 3608 305 3663 rade
322 3625 358 3662 zu
394 3624 422 3660 er
439 3606 515 3660 Zeit'.
618 3609 797 3676 potantem
814 3605 849 3660 in
866 3625 943 3663 rosa
962 3613 1050 3663 ‘unter
1068 3609 1167 3673 Roseu,
1186 3611 1238 3665 auf
1251 3610 1339 3664 Rosea
1354 3620 1390 3674 ge
1480 3621 1481 3624 ’

241 3677 329 3731 bettet
346 3674 480 3730 zechend’.
507 3673 543 3728 so
562 3673 637 3728 steht
654 3692 716 3729 rosa
733 3674 772 3730 im
790 3674 865 3746 Sing.
884 3676 962 3732 nicht
980 3677 1093 3732 aurbei
1111 3678 1244 3734 Dichtern
1261 3677 1337 3743 (Hor.
1353 3669 1390 3726 od
1480 3729 1481 3748 ¹

240 3742 575 3875 {6b,9l)l,napp;iprirpongh
593 3742 624 3797 in
640 3742 740 3798 Prosa:
777 3745 856 3799 Taso.
874 3745 920 3800 III
939 3749 979 3810 18,
998 3749 1040 3799 43.
1059 3747 1083 3800 V
1102 3752 1144 3812 26,
1163 3751 1205 3803 73.
1240 3747 1336 3801 Seneca
1353 3758 1388 3809 ep.
1480 3751 1481 3820 j

309 3879 361 3933 ce.
397 3879 575 3943 Lucretia,
595 3879 638 3935 die
656 3881 773 3937 Tochter
790 3880 838 3938 des
856 3881 902 3952 Sp.
919 3883 1064 3941 Lucretius
1081 3883 1258 3966 Tricipitinus
1276 3879 1331 3937 und
1346 3877 1389 3932 Ge
1480 3841 1481 3890 i

240 3948 345 4003 mahlin
363 3948 451 4003 des'P
501 3949 593 4004 ninius
605 3949 765 4014 Collatinus,
784 3951 891 4007 tddtete
908 3951 975 4016 sich,
992 3952 1127 4008 nachdem
1144 3971 1183 4008 sie
1200 3972 1253 4008 ron
1265 3952 1322 4006 Sex.
1334 3948 1389 4002 Tar·
1480 3989 1481 4002 2

240 4016 361 4141 iiim
379 4016 442 4072 dem
459 4017 495 4071 So
515 4035 549 4072 ne
567 4019 613 4072 des
632 4019 798 4090 Tarquinius
815 4020 961 4092 Superbus,
979 4021 1137 4092 gewaltsam
1155 4020 1318 4094 geschindet
1333 4031 1389 4070 aar.
1480 4057 1481 4062 1

278 4104 321 4142 ese
339 4085 514 4140 Schandthat
531 4087 696 4143 reranlasste
714 4087 767 4142 deu
785 4087 866 4144 Sturr
884 4088 932 4144 der
948 4091 1110 4161 Tarquinier
1127 4095 1179 4145 510
1196 4110 1221 4146 v.
1239 4090 1301 4145 chr.
1334 4081 1389 4152 Vgl·
1480 4109 1481 4114 ¹

240 4155 266 4208 V
283 4160 325 4219 22,
343 4159 385 4210 cl.
404 4154 437 4210 de
453 4173 508 4236 rep.
525 4156 556 4211 11
574 4161 616 4219 25,
634 4161 675 4211 45.
697 4157 730 4212 de
747 4158 801 4228 leg.
819 4159 850 4212 II
867 4162 892 4222 4,
912 4163 952 4214 10.
977 4160 1037 4214 biv.
1055 4161 1071 4214 I
1088 4164 1129 4214 51.
1149 4164 1190 4214 58.
1260 4157 1321 4212 Hic
1337 4152 1388 4206 do·
1480 4187 1481 4200 ,

239 4225 291 4304 lor
313 4248 337 4271 =
360 4224 442 4280 huius
459 4243 499 4278 rer
516 4224 593 4280 dolor
611 4225 792 4297 (Vertretuug
809 4226 855 4282 des
873 4227 1026 4299 objectiven
1043 4229 1168 4284 Genitivs
1186 4227 1271 4283 durch
1288 4225 1329 4280 ein
1340 4215 1387 4276 Ad·
1480 4279 1481 4292 ,

235 4293 494 4364 Jectivpronomeu);
511 4295 539 4358 ΙΙ
559 4299 599 4357 19,
618 4298 651 4348 63
679 4312 709 4350 aa
727 4295 849 4351 scientia.
885 4297 963 4352 Taso.
982 4299 998 4351 Ι
1018 4301 1057 4360 19,
1076 4303 1109 4351 45
1132 4298 1197 4353 haec
1214 4287 1387 4366 pulchritudo.
1480 4293 1481 4348 l
