2974 4950
237 269 300 331 274
473 266 524 318 DE
542 266 692 320 FINIBUS
711 263 895 320 BONORUM
914 267 961 320 ΕΤ
979 265 1175 322 ΜΔΙιΟΒΙΙΜ

237 437 416 524 praescribi
439 438 536 515 solet,
561 457 603 500 nn
626 458 737 502 annau
760 457 800 501 nn
824 457 899 501 nmo
929 457 1036 500 nouo.
1084 436 1157 500 Hoc
1185 443 1222 500 tu
1251 457 1338 500 nunc
1369 436 1421 499 in
1481 423 1482 430 ἵ

237 541 295 604 illo
319 541 450 626 probas.
498 539 633 604 Scilicet
663 540 833 604 vocabulis
862 562 970 604 rerum
995 540 1133 604 mutatis
1156 539 1418 604 inconstantiae

239 645 360 708 crimen
383 643 441 706 ille
465 642 594 727 effugit,
618 665 679 706 nos
705 643 848 726 effugere
873 665 939 706 non
962 644 1153 725 possumus!
1187 641 1252 706 Ille
1269 642 1421 706 Metelli

237 745 340 809 vitam
363 749 465 829 negat
489 743 669 809 beatiorem
693 767 790 828 quam
814 744 949 828 Reguli,
983 745 1248 828 praeponendam
1274 750 1415 822 tamen,

238 869 299 913 neo
322 848 428 933 magis
452 847 686 932 expetendam,
722 847 780 911 sed
813 847 919 931 magis
949 847 1144 914 sumendam
1173 854 1224 926 et,
1259 846 1287 910 ei
1311 847 1416 931 optio

238 958 337 1030 esset,
363 951 549 1035 eligendam
573 949 717 1028 Metelli,
744 949 866 1033 Reguli
888 949 1101 1014 reiciendam:
1128 971 1202 1034 ego,
1229 973 1328 1033 quam
1344 950 1416 1014 ille

237 1053 502 1140 praeponendam
528 1055 562 1115 et
584 1052 690 1135 magis
715 1051 914 1136 eligendam,
939 1052 1121 1118 beatiorem
1145 1055 1231 1117 hanc
1255 1054 1413 1138 appello,

237 1179 298 1221 nec
322 1157 390 1220 ullo
415 1155 550 1229 minimo
575 1160 742 1230 momento
767 1154 843 1237 plus
867 1155 897 1218 ei
921 1153 1007 1219 vitae
1031 1155 1151 1220 tribuo.
1167 1177 1266 1239 quarn
1283 1157 1410 1221 Stoici.

237 1260 304 1342 (89)
338 1259 427 1322 Quid
457 1257 615 1335 interest,
648 1256 712 1320 nisi
745 1256 833 1339 quod
865 1277 927 1340 ego
959 1278 1010 1320 res
1043 1265 1140 1322 notas
1172 1257 1261 1322 notis
1291 1259 1411 1322 verbis

236 1361 382 1446 appello,
416 1360 465 1423 illi
499 1359 632 1424 nomina
665 1382 750 1423 nova
785 1368 963 1444 quaerunt,
998 1359 1117 1444 quibus
1146 1359 1234 1426 idem
1267 1360 1409 1426 dicant?
1481 1439 1482 1450 ἵ

236 1467 289 1530 ita
313 1485 410 1548 quem
434 1464 475 1527 ad
498 1464 631 1526 modum
654 1462 688 1526 in
712 1469 830 1526 senatu
858 1483 987 1546 semper
1016 1470 1068 1526 est
1097 1463 1233 1546 aliquis,
1267 1463 1324 1547 qui
1352 1464 1407 1527 in-

235 1571 412 1651 terpretem
445 1566 609 1648 postulet,
643 1565 690 1628 sic
722 1563 779 1628 isti
807 1564 902 1628 nobis
932 1586 1008 1628 curn
1034 1565 1215 1649 interprete
1245 1566 1409 1630 audiendi

237 1677 326 1735 sunt.
383 1673 512 1732 Bonum
545 1669 692 1752 appello,
734 1666 894 1751 quidquid
932 1667 1113 1732 seeundum
1150 1675 1303 1733 naturam
1336 1678 1406 1748 est,

189 1856 191 1861 .
236 1773 323 1858 quod
345 1779 468 1849 contra,
495 1771 627 1848 malum,
653 1791 714 1833 nec
731 1791 792 1852 ego
813 1769 914 1846 solue,
938 1769 997 1833 scd
1012 1777 1051 1834 tu
1067 1770 1178 1850 etiam,
1198 1771 1402 1858 Chrysippe,

235 1876 268 1938 in
292 1875 376 1948 foro,
403 1873 506 1938 dorni:
533 1873 567 1938 in
590 1873 705 1936 schola
722 1871 853 1936 desinis.
891 1869 980 1936 Quid
997 1874 1098 1957 ergo?
1122 1873 1219 1938 aliter
1236 1873 1405 1953 homiueS,

236 1978 332 2045 aliter
354 1977 571 2062 philosophos
594 1975 685 2058 loqui
709 1981 804 2059 putas
829 1981 1002 2058 oportere?
1033 1976 1158 2040 Quanti
1178 1975 1321 2062 quidque
1342 1977 1405 2055 sit,

236 2082 332 2145 aliter
356 2080 445 2144 docti
476 2085 508 2143 et
537 2077 675 2142 indocti.
723 2079 788 2142 Sed
822 2099 896 2142 cum
929 2078 1118 2142 constiterit
1149 2078 1235 2142 inter
1267 2080 1404 2159 doctae,

235 2183 351 2268 quanti
373 2205 425 2246 res
450 2201 598 2265 quaeque
622 2180 667 2242 sit
689 2218 731 2228 -
755 2179 783 2242 si
806 2179 956 2243 homines
981 2189 1112 2259 essent,
1138 2179 1259 2245 usitate
1281 2181 1405 2264 loque-

234 2293 349 2350 rentur
372 2321 430 2358 -,
462 2285 540 2346 dum
563 2304 615 2346 res
638 2288 808 2361 maneant,
842 2283 943 2346 verba
972 2283 1102 2365 fingant
1131 2283 1294 2346 arbitratu
1323 2306 1402 2348 suo.

233 2384 351 2452 XXX,
391 2387 458 2470 (90)
492 2386 557 2448 Sed
579 2385 674 2449 renio
699 2386 740 2449 ad
769 2383 1013 2449 inconstantiae
1038 2385 1176 2464 crimen,
1201 2406 1241 2449 ne
1265 2386 1401 2470 saepius

234 2490 324 2554 dicas
347 2512 399 2554 me
424 2490 589 2552 aberrare:
617 2512 714 2572 quam
736 2496 774 2552 tu
797 2487 892 2572 ponis
916 2488 949 2553 in
972 2488 1092 2568 verbis,
1119 2510 1181 2572 ego
1202 2488 1346 2573 positam
1364 2490 1403 2552 in

231 2614 264 2655 re
289 2592 456 2675 putabam.
505 2591 540 2654 si
564 2591 643 2656 satis
668 2591 730 2654 erit
754 2593 816 2655 hoc
840 2593 1048 2676 perceptum,
1079 2591 1114 2658 in
1138 2614 1201 2676 quo
1225 2591 1399 2655 adiutores

229 2831 394 2886 tionibus
412 2829 607 2900 praescribi
625 2829 712 2884 solet
735 2848 756 2882 s.
775 2848 808 2882 zu
827 2830 857 2883 II
877 2835 899 2893 l,
920 2834 943 2884 3.
1084 2829 1122 2883 de
1139 2829 1254 2884 cadem
1271 2847 1305 2884 re
1323 2829 1397 2884 alio

229 2899 340 2954 modo:
369 2899 403 2954 ad
422 2898 486 2953 fam.
505 2897 577 2952 XIII
596 2902 637 2962 21,
658 2904 670 2950 1
690 2897 737 2952 sed
756 2901 847 2953 tamen
866 2917 922 2952 non
939 2917 1050 2968 parcam
1068 2916 1163 2969 operae
1182 2902 1217 2963 et,
1236 2901 1333 2952 utros
1353 2917 1396 2953 so·

229 2968 292 3023 letis
310 2968 339 3022 in
357 2967 490 3032 formulis,
509 2967 548 3021 sic
566 2985 616 3038 ego
634 2967 662 3021 in
681 2985 695 3021 e
714 2967 805 3022 istulis
824 2967 857 3022 de
875 2967 968 3022 eadem
986 2985 1014 3022 re
1032 2967 1192 3038 alio‘modo.
1296 2985 1396 3038 prae-

228 3037 418 3109 ponendam
447 3041 561 3091 tamen
588 3037 670 3092 n'aml.
689 2986 764 3101 dicit,
783 3055 838 3093 was
857 3055 905 3091 aus
924 3036 985 3090 dem
1004 3036 1241 3106 vorhergehenden
1258 3039 1340 3106 negat
1359 3055 1396 3090 zu

228 3108 392 3162 entnehmen
410 3106 455 3160 ist.
474 3105 500 3160 S.
520 3125 554 3160 zu
571 3106 586 3160 I
605 3110 628 3168 9,
647 3110 688 3160 31.
754 3124 812 3160 neo
830 3104 900 3160 ullo
919 3104 1056 3159 minimo
1075 3109 1261 3160 momento:
1281 3105 1313 3158 de
1331 3111 1392 3159 nat.

228 3177 300 3232 deor.
318 3177 333 3230 1
351 3181 392 3240 24,
412 3180 443 3228 67
463 3174 589 3228 omnibus
607 3174 729 3230 minimis
747 3178 900 3245 temporum
918 3173 1035 3244 punctis.
1062 3173 1152 3238 1156,
1173 3179 1219 3227 141
1239 3191 1392 3243 omnesque
1469 3235 1472 3242 ,

228 3245 356 3300 minimos
377 3275 405 3284 -
427 3243 565 3325 appulsus.
600 3245 644 3298 ΠΙ
663 3248 705 3306 35,
724 3247 756 3296 86
776 3243 867 3298 omnia
886 3243 1001 3297 minima
1019 3245 1125 3297 curant.

298 3313 348 3368 89.
368 3313 425 3383 qui
441 3316 533 3367 rnter
561 3315 666 3366 retem
709 3313 849 3374 ostulet,
870 3329 945 3366 wenn
962 3311 1045 3366 ntml.
1062 3311 1229 3382 griechisohe
1247 3310 1388 3366 Gosandte

228 3383 257 3436 in
276 3383 328 3437 den
346 3383 430 3437 Senat
449 3331 606 3452 eingeliibrt
624 3329 736 3436 werden.
837 3384 874 3435 tu
892 3381 996 3435 etiam
1014 3379 1219 3450 Chrysippez
1240 3380 1298 3434 eine
1315 3381 1388 3450 Apo·

229 3452 352 3532 strophe,
380 3452 428 3506 wie
447 3470 486 3504 or.
506 3469 533 3520 p.
552 3451 610 3504 Mil.
630 3455 671 3515 31,
691 3454 723 3503 85
742 3469 789 3503 vos
808 3449 879 3504 enim
898 3449 970 3513 iam,
989 3448 1090 3503 Albani
1107 3449 1208 3504 tumuli
1225 3452 1306 3519 atque
1324 3449 1388 3512 luci,

227 3539 284 3584 vos,
302 3539 423 3590 mquam,
441 3519 479 3573 im
498 3519 555 3573 loro
574 3523 623 3573 etc.
676 3517 804 3584 Quanti
822 3517 973 3640 quidpue
991 3518 1038 3572 sit
1056 3521 1106 3571 ete.
1142 3517 1191 3570 Bis
1209 3517 1260 3571 auf
1273 3517 1390 3588 Madvig

227 3608 279 3712 rog
297 3608 361 3644 man
380 3589 451 3643 diese
499 3592 571 3709 ¹ortel
581 3607 615 3641 au
632 3590 722 3708 ριιῢιιῖζ
732 3592 854 3658 oportere
872 3606 909 3642 un
946 3588 986 3640 las
1005 3587 1110 3640 weiter:
1134 3585 1225 3666 ‘aliter-
1237 3586 1333 3640 doetos
1349 3593 1390 3666 'et

226 3655 1391 3816 ἔξωοὶοιῒθῖῗὲοὴὶῗὲἶιιίᾨῖιθιξᾎξῖἒὲιιᾳιιιωιιιιᾱυῧξζθίεῗιῖῖθιῇιῗοῂτξοὶιῗθῗὶθέιιέῗιξέἰοὶὲἑῗι.

228 3793 873 3944 bellat3211bttdtigsstallt,
886 3792 1391 3942 {tuerat,tffltlttlllttt

228 3931 471 4002 Spraohgebrauch
483 3949 590 3998 gemass
603 3931 685 3985 reden
698 3935 815 3994 miissen,
833 3931 890 3984 und
903 3931 952 3984 das
970 3948 1070 4000 mugen
1089 3947 1126 3984 ere
1144 3949 1196 3984 nur
1214 3929 1293 3992 thun,
1312 3948 1389 3984 wenn

230 4001 267 4055 sie
285 3999 430 4070 Anspruch
449 4001 500 4053 auf
514 3999 634 4070 Bildung
652 4001 765 4054 macheu
784 4000 885 4062 wollen,
913 3999 962 4054 wie
980 3999 1074 4064 Lente,
1093 4017 1146 4056 von
1164 3999 1249 4053 denen
1268 4017 1332 4054 man
1351 4017 1387 4054 er-

226 4073 331 4132 wartet,
351 4069 413 4123 dass
432 4069 474 4132 eie
488 4067 565 4121 nicht
583 4069 626 4122 die
644 4068 901 4124 wissenschaftlicbe
918 4068 1079 4138 Forsohung
1097 4067 1195 4121 andrcr
1213 4085 1306 4122 ausser
1314 4068 1389 4122 tht

227 4139 316 4192 lassen
334 4137 391 4192 und
410 4138 467 4192 eine
485 4155 552 4191 neue
571 4137 629 4191 dem
650 4137 891 4208 Sprachgebrauch
909 4136 1152 4192 zuwiderlaufende
1164 4137 1282 4206 Sprache
1301 4137 1387 4190 sehal-

227 4207 571 4330 dbMFsdimndlbgbiiddriiin
589 4224 641 4260 nur
658 4207 705 4260 der
723 4206 869 4261 materielle
886 4207 1008 4263 Bestand
1035 4206 1137 4268 bleibt,
1163 4205 1234 4259 nach
1261 4203 1388 4260 Belieben
