3020 4948
226 324 268 386 80
458 321 508 375 DE
525 319 677 374 FINIBUS
695 318 881 374 BONORUM
898 319 946 374 ET
965 317 1153 374 MALOEUM

222 493 327 576 igitur
350 492 492 556 iucunde
515 499 617 576 negat
639 512 735 574 posse
768 512 799 554 re
830 491 960 557 vivere?
1005 489 1095 554 Quid
1124 490 1253 575 turpius
1286 505 1392 571 quam

221 594 384 679 sapientis
408 593 511 658 vitam
534 615 575 657 ex
597 592 823 678 insipientium
840 613 990 656 sermone
1006 593 1170 675 pendere?
1193 591 1281 656 Quid
1304 612 1390 674 ergo

222 700 285 761 hoc
310 698 384 761 loco
407 696 578 780 intellegit
600 698 798 762 honestum?
837 694 936 759 Certe
959 695 1042 758 nihil
1065 696 1130 758 nisi
1158 695 1245 780 quod
1276 693 1391 777 possit

221 800 330 884 ipsum
353 805 487 883 propter
509 821 544 862 se
567 799 636 863 iure
660 798 796 863 laudari.
842 799 931 862 Nam
954 799 981 861 si
1007 807 1142 883 propter
1164 800 1387 882 voluptatem,

224 924 306 985 quae
331 906 381 966 est
403 901 469 966 ista
492 901 575 979 laus,
600 923 683 985 quae
706 900 812 986 possit
836 923 852 964 e
875 902 1015 964 macello
1044 901 1139 984 peti?
1183 901 1262 964 Non
1284 900 1312 963 is
1336 901 1392 963 vir

223 1011 285 1083 est,
312 1010 361 1082 ut,
388 1025 462 1068 cum
486 1003 697 1067 honestatem
720 1023 758 1066 eo
783 1002 857 1066 locc
881 1003 1015 1081 habeat,
1041 1008 1078 1066 ut
1102 1003 1172 1066 sina
1190 1025 1227 1066 aa
1243 1001 1391 1064 iucunde

223 1113 325 1190 neget
348 1126 443 1190 posse
467 1103 544 1182 vivi,
569 1103 653 1166 illud
676 1106 865 1182 honestum,
891 1104 979 1188 quod
1000 1105 1157 1189 populare
1181 1104 1235 1182 sit,
1261 1103 1392 1168 sentiat

224 1217 259 1273 et
281 1208 351 1272 sine
376 1229 413 1271 eo
437 1214 538 1290 neget
560 1207 703 1271 iucunde
726 1206 793 1271 vivi
817 1229 924 1292 posse,
949 1215 1007 1271 aut
1030 1209 1203 1292 quicquam
1219 1207 1309 1272 aliud
1325 1209 1390 1270 ho·

223 1317 355 1375 nestum
371 1309 549 1392 intellegat
564 1309 629 1372 nisi
652 1309 741 1393 quod
764 1309 807 1372 sit
829 1319 956 1373 rectum
979 1310 1151 1395 ipsumque
1174 1331 1232 1395 per
1254 1331 1300 1386 se,
1326 1332 1391 1384 sua

224 1413 267 1492 vi,
293 1435 352 1475 sua
375 1423 504 1496 sponte,
530 1435 588 1475 sua
612 1419 731 1476 natura
753 1413 932 1476 laudabile.
1227 1425 1228 1428 ’

311 1515 408 1578 XVI.
451 1511 511 1598 (51)
535 1515 666 1598 Itaque,
691 1515 868 1599 Torquate,
895 1537 969 1580 cum
993 1516 1118 1580 diceres
1143 1517 1282 1580 clamare
1306 1515 1391 1600 Epi-

227 1640 341 1683 curum
364 1640 431 1681 non
454 1639 551 1701 posse
575 1617 717 1682 iucunde
741 1617 822 1696 vivi,
855 1619 919 1682 nisi
941 1620 1081 1682 honeste
1104 1626 1139 1683 et
1162 1619 1327 1704 sapienter
1353 1628 1390 1682 et

225 1723 313 1786 iuste
336 1721 522 1802 viveretur,
556 1719 686 1806 tuipse
710 1721 791 1785 mihi
819 1723 955 1806 gloriari
986 1723 1151 1788 videbare.
1198 1723 1304 1786 Tanta
1333 1724 1388 1786 vis

225 1825 333 1888 inerat
355 1824 390 1887 in
412 1823 522 1887 verbis
545 1829 680 1908 propter
705 1845 815 1887 aarum
845 1846 969 1903 rerum,
1001 1847 1084 1908 quae
1112 1825 1389 1909 significabantur

226 1925 278 1988 his
301 1926 422 2004 verbis,
448 1923 657 2009 dignitatem,
681 1932 720 1989 ut
743 1926 841 1989 altior
863 1925 975 2005 fieres,
1004 1933 1042 1990 ut
1064 1928 1229 1991 interdum
1253 1927 1382 1991 insiste·

225 2051 289 2108 res,
314 2037 353 2092 ut
368 2051 428 2092 nos
447 2028 578 2092 intuens
603 2027 695 2111 quasi
717 2029 944 2108 testificarere,
968 2029 1095 2095 laudari
1117 2033 1326 2094 honestatem
1346 2039 1382 2094 et

226 2133 389 2197 iustitiam
412 2131 587 2216 aliquando
611 2132 652 2196 ab
677 2132 831 2216 Epicuro.
864 2133 971 2198 Quam
994 2141 1037 2200 te.
1053 2133 1192 2198 decebat
1214 2133 1253 2198 iis
1276 2133 1387 2199 verbis

227 2237 287 2315 uti,
314 2238 433 2321 quibus
457 2236 485 2299 si
508 2235 699 2321 philosophi
722 2259 788 2301 non
811 2244 994 2316 uterentur,
1019 2237 1228 2325 philosophia
1252 2237 1388 2301 omnino

226 2364 293 2404 non
317 2361 500 2424 egeremus.
525 2340 673 2403 Istorum
696 2341 783 2403 enim
805 2340 979 2404 verborum
1003 2362 1123 2418 amore,
1149 2363 1231 2424 quae
1254 2362 1388 2424 perraro

228 2444 438 2528 appellantur
469 2443 510 2506 ab
540 2442 703 2525 Epicuro,
738 2443 937 2528 sapientiae,
967 2443 1193 2523 fortitudinis,
1225 2443 1388 2523 iustitiae,

227 2545 479 2629 temperantiae,
502 2545 795 2628 praestantissimis
817 2545 959 2630 ingeniis
982 2546 1136 2612 homines
1156 2569 1191 2611 se
1214 2547 1255 2611 ad
1277 2547 1391 2632 philo-

229 2645 364 2730 sophiae
388 2645 536 2709 studium
561 2646 784 2710 contulerunt.
833 2644 904 2732 (52)
928 2648 1121 2726 Oculorum,
1145 2648 1253 2732 inquit
1274 2649 1389 2728 Plat0,

228 2749 337 2813 estin
359 2748 456 2813 nobis
480 2770 595 2812 sensus
619 2749 806 2827 acerrimus,
832 2751 951 2835 quibus
975 2752 1171 2835 sapientiam
1194 2775 1260 2816 non
1283 2753 1392 2815 cerni-

227 2875 311 2916 mus.
337 2851 446 2916 Quam
461 2852 521 2916 illa
543 2851 698 2916 ardentes
721 2875 847 2917 amores
872 2854 1033 2918 excitaret
1055 2855 1120 2918 sui!
1148 2854 1214 2919 Cur
1228 2855 1390 2923 tandem?

229 2977 270 3017 an
295 2953 382 3037 quod
404 2953 452 3017 ita
475 2952 595 3016 callida
619 2961 690 3032 est,
723 2958 761 3017 ut
784 2956 907 3037 optime
930 2955 1038 3039 possit
1060 2956 1272 3020 architectari
1294 2958 1391 3021 volu-

228 3158 329 3229 Menge
347 3159 385 3212 sei
403 3157 584 3228 massgebend
602 3159 647 3213 fiir
665 3159 707 3214 die
725 3159 867 3241 Richtung
885 3160 932 3214 des
948 3160 1063 3215 Lebens.
1166 3179 1313 3232 possess
1336 3161 1389 3214 vi·

228 3245 312 3282 vcre.
348 3227 400 3281 Die
417 3227 534 3281 Hdschr.
553 3227 644 3283 haben
661 3247 739 3299 posse
756 3247 853 3283 vivere.
888 3229 983 3284 Durch
1008 3229 1050 3284 die
1067 3229 1169 3300 Ellipse
1187 3229 1233 3284 des
1251 3228 1390 3300 Snbjects-
1499 3239 1504 3307 .

228 3297 379 3352 accusativa
398 3296 489 3350 wiirde
507 3295 555 3350 der
571 3297 636 3351 Satn
655 3297 796 3366 allgemsin
813 3298 931 3368 gefasst,
955 3297 1083 3353 wahrend
1107 3317 1136 3352 er
1153 3297 1239 3353 durch
1261 3299 1313 3353 den
1338 3298 1389 3352 Zu-

229 3365 816 3436 satavonseaupricurbezogenwird.
920 3367 1389 3438 Namsiproptervolupta·
1501 3418 1504 3427 .

228 3439 294 3489 tem
312 3433 337 3489 d.
355 3435 382 3488 h.
401 3451 478 3488 wsnn
496 3452 525 3487 er
542 3437 622 3488 unter
640 3433 701 3487 dem
719 3433 916 3504 Sittlichguten
934 3434 983 3489 das
1001 3437 1139 3498 versteht‚
1160 3455 1215 3490 was
1232 3453 1323 3506 wegen
1341 3435 1391 3490 der

227 3505 298 3558 Luat
316 3502 409 3573 gelobt
426 3501 531 3556 werden
549 3500 631 3554 kann.
701 3501 858 3556 macello:
877 3501 911 3558 de
930 3504 1013 3558 divin.
1031 3505 1062 3558 ΙΙ
1079 3508 1120 3567 2Ἷ,
1133 3509 1166 3558 59
1184 3505 1208 3558 si
1226 3505 1339 3576 Epicuri
1355 3505 1390 3559 dc

228 3572 291 3626 volu
310 3575 368 3626 tate
384 3568 452 3624 liber
469 3587 547 3624 rosus
565 3572 643 3632 esset,
661 3573 785 3638 putarem
804 3589 940 3638 annonam
958 3574 987 3626 in
1005 3573 1116 3628 macello
1134 3573 1263 3628 cariorem
1280 3574 1345 3629 fors.

290 3591 345 3693 bl.
381 3638 507 3707 quibus
527 3637 555 3690 si
573 3667 605 3676 —
624 3640 814 3692 uterentur.
850 3640 907 3694 Das
925 3641 1081 3696 Relatirum
1099 3642 1389 3696 vermitteItdieVer-

228 3707 353 3777 bindung
371 3705 418 3760 dos
436 3705 663 3776 hypothetischen
680 3707 709 3761 N
710 3706 864 3762 ebensatzes
888 3709 940 3763 mit
963 3711 1026 3766 dem
1050 3710 1115 3764 Hau
1133 3713 1222 3764 tsatze
1245 3713 1313 3776 (non
1330 3729 1389 3780 ege·

228 3779 347 3842 remus),
374 3774 444 3829 ohne
470 3773 592 3844 zugleich
619 3773 680 3828 dem
698 3775 825 3832 letzteren
843 3779 1041 3848 anzugehbrcn.
1143 3784 1167 3843 2,
1186 3783 1202 3832 9
1220 3779 1255 3833 iis
1272 3779 1389 3842 artibus,

229 3861 296 3914 quas
316 3844 339 3897 si
357 3841 525 3906 combiberit,
544 3842 580 3897 ad
598 3845 701 3898 maiora
718 3846 808 3900 veniet
825 3847 956 3916 paratior.

298 3911 349 3965 52.
385 3911 501 3980 inquit
519 3910 619 3966 Plato
649 3912 765 3968 Phaedr.
783 3933 809 3985 p.
828 3915 1001 4003 259Dduog
1018 3915 1311 4004 yolpjjpfvoedtvrolrp
1332 3922 1389 3972 τῶν
1505 3966 1509 3979 ,

230 3982 278 4035 διὰ
297 3987 349 4036 τοῦ
369 3981 502 4054 σώματος
520 3985 633 4057 ἔρχεται
653 3983 833 4054 αἰσθήσεων,
852 4007 869 4058 ῃ
891 4005 1032 4059 φρονησις
1051 4007 1103 4053 cvl
1124 3998 1244 4057 οραται·
1273 3985 1391 4049 δεινοὺς

229 4050 284 4127 γὰρ
304 4049 340 4103 ἂν
358 4058 496 4136 appelles
515 4054 631 4126 ἔρωτας,
653 4057 682 4106 εἴ
696 4073 721 4106 τι
740 4059 871 4107 τοιοῦτον
891 4055 993 4124 ἑαυτῆς
1012 4056 1130 4177 §onogia
1151 4054 1270 4108 εἴδωλον
1289 4060 1389 4128 πάρει’-

225 4140 293 4188 χετο
313 4123 354 4182 εἰς
373 4136 441 4188 opas
460 4119 512 4175 ida:
550 4121 591 4174 De
610 4119 654 4174 off.
672 4121 687 4174 Ι
705 4126 728 4184 5,
750 4126 782 4173 14
804 4120 889 4175 findet
906 4121 964 4176 sich
995 4123 1054 4176 eine
1103 4122 1278 4192 ebersetzung
1300 4120 1392 4178 dieser

230 4187 318 4243 Stella.
341 4189 397 4242 Der
414 4187 523 4243 Schlnss
541 4189 629 4242 lautet
646 4189 708 4244 dort
727 4190 750 4243 si
768 4189 853 4243 oculis
872 4194 1031 4245 cerneretur.
1057 4191 1181 4245 Mehrere
1198 4190 1316 4245 Hdschr.
1335 4191 1391 4246 bie·
1508 4192 1509 4205 ¹

230 4261 276 4310 ten
294 4275 329 4310 an
346 4277 373 4312 u.
392 4257 433 4310 St.
452 4257 475 4310 si
492 4257 643 4318 videretur,
672 4275 725 4312 was
753 4257 819 4312 aber
845 4259 875 4312 in
901 4258 953 4313 den
982 4259 1077 4313 beaten
1094 4259 1178 4314 Ccdd.
1198 4259 1273 4314 fehlt.
1308 4261 1391 4314 Auch
1506 4299 1507 4304 =

229 4325 320 4380 wiirde
338 4344 390 4380 nur
409 4326 433 4380 si
450 4331 601 4381 cerneretur
619 4327 720 4396 richtig
738 4327 794 4380 scin
813 4327 928 4383 hbnnen.
983 4328 1213 4383 architectari
1230 4329 1391 4399 volupta-
