3020 4948
490 331 553 386 Lm.
570 331 608 386 Π.
643 331 708 387 CAP.
726 331 775 387 IV.
812 333 840 396 ἐξ
860 334 970 385 12-14.
1257 332 1297 398 55

125 507 222 571 idem
249 505 399 568 declaret
421 503 560 583 Latine,
594 503 681 586 quod
705 503 850 581 Graece,
885 523 982 585 quam
1014 503 1164 566 declarat
1187 503 1298 566 volu-

130 615 237 692 ptas
296 605 383 669 Huic
405 605 515 692 ¹{verbo
549 627 682 684 omnes,
716 603 771 688 qui
803 604 925 687 ubique
958 613 1055 682 sunt,
1090 605 1146 688 qui
1177 604 1298 669 Latine

137 711 260 788 sciunt,
287 709 369 772 duas
385 729 437 772 res
453 708 633 786 subiciunt,
658 707 822 772 laetitiam
837 707 871 771 in
895 707 1014 785 animo,
1042 709 1297 772 commotionem

133 833 271 877 suavem
296 810 512 874 iucunditatis
535 811 569 873 in
593 832 739 894 corpore.
778 810 866 873 Nam
890 816 924 873 et
946 808 1003 872 ille
1027 809 1115 893 apud
1137 809 1298 874 Trabeam

133 915 392 999 voluptatem
414 913 534 978 animi
556 912 717 977 nimiam
739 913 904 976 laetitiam
920 911 1012 990 dicit,
1031 913 1180 991 eandem,
1199 935 1298 995 quam

138 1018 195 1082 ille
216 1017 448 1096 Caecilianus,
483 1017 539 1100 qui
571 1015 750 1080 omnibus
773 1014 950 1079 laetitiis
973 1017 1126 1079 laetum
1158 1037 1230 1079 esse
1263 1037 1297 1079 se

137 1127 260 1185 narrat.
311 1119 377 1183 Sed
400 1120 462 1182 hoc
485 1119 645 1196 interest,
680 1118 769 1200 quod
790 1118 946 1202 voluptas
979 1117 1100 1182 dicitur
1132 1117 1232 1181 etiam
1264 1117 1299 1182 in

132 1225 258 1302 animo,
284 1261 327 1272 -
350 1221 472 1286 vitiosa
487 1244 551 1300 ree,
569 1227 606 1285 ut
625 1219 731 1284 Stoici
745 1226 877 1306 putant,
896 1220 952 1304 qui
968 1243 1040 1285 eam
1056 1221 1103 1285 sic
1119 1221 1295 1294 deliniunt,

130 1325 362 1390 sublationem
385 1323 486 1388 animi
508 1324 578 1387 sine
610 1323 757 1402 ratione,
791 1323 958 1408 opinantis
991 1345 1025 1387 se
1056 1345 1177 1407 magno
1208 1323 1297 1386 bono

130 1429 199 1493 frui
215 1466 270 1507 -,
297 1449 364 1490 non
388 1426 509 1490 dicitur
531 1425 660 1490 laetitia
683 1446 744 1489 nec
767 1425 925 1510 gaudium
948 1425 982 1488 in
1006 1423 1299 1510 corpore.‹(14)1n

132 1555 173 1596 eo
199 1537 313 1596 autem
336 1531 491 1614 voluptas
515 1529 661 1594 omnium
676 1529 796 1594 Latine
820 1529 1029 1612 loquentium
1045 1551 1134 1593 morc
1151 1528 1297 1615 ponitur,

133 1659 214 1698 cum
228 1634 410 1718 percipitur
426 1655 474 1711 ea,
500 1655 583 1717 quae
605 1655 738 1697 sensum
762 1632 904 1718 aliquem
929 1637 1073 1706 moveat,
1097 1631 1297 1698 iucunditas.

137 1738 239 1801 Hanc
260 1759 388 1821 quoque
411 1736 668 1816 iucunditatem,
694 1737 722 1800 si
745 1737 806 1815 vis,
830 1736 973 1800 transfer
995 1737 1030 1800 in
1054 1734 1213 1800 animum:
1239 1735 1298 1799 iu·

144 1861 239 1904 vare
260 1841 340 1904 enim
364 1841 399 1903 in
421 1848 561 1925 utroque
586 1840 707 1904 dicitur
732 1862 772 1904 ex
796 1862 899 1924 eoque
926 1839 1156 1904 iucundum:
1198 1840 1297 1904 modo

139 1944 315 2028 intellegas
340 1943 427 2007 inter
449 1944 555 2022 illum,
581 1943 637 2026 qui
660 1942 750 2008 dicat

223 2048 349 2112 Tanta
372 2047 537 2111 laetitia
561 2048 695 2111 arlotu'
719 2069 816 2126 sum,
842 2054 885 2110 ut
908 2046 1010 2109 nihil
1034 2045 1210 2124 ocustet,

138 2157 281 2231 etcum,
308 2151 363 2235 qui

352 2252 464 2316 Nino
489 2251 640 2315 demum
664 2249 760 2312 mihi
783 2249 934 2313 animus
959 2249 1088 2328 ardet,

133 2379 276 2440 quorum
299 2357 383 2420 alter
404 2355 534 2420 laetitia
556 2354 692 2438 gestiat,
718 2354 803 2417 alter
826 2353 939 2417 dolore
963 2353 1137 2432 crucietur,
1164 2374 1235 2417 esse
1259 2353 1298 2416 il·

132 2459 204 2521 lum
227 2458 386 2536 medium,

132 2748 225 2829 quod
242 2749 369 2830 Graece
388 2750 493 2805 schcint
516 2749 615 2804 Zusatz
639 2749 710 2829 eines
728 2749 923 2871 Interpolators
948 2767 982 2802 zu
1005 2748 1070 2803 sein.
1105 2747 1162 2829 cia
1181 2747 1250 2828 negt,
1269 2763 1296 2800 es
1354 2765 1360 2778 ·

133 2818 214 2873 hesse
234 2818 293 2872 s1ch
310 2837 340 2872 rn
358 2818 405 2872 der
421 2819 469 2872 lat.
488 2819 606 2890 Spraohe
624 2819 687 2872 kern
705 2819 785 2872 Wort
821 2817 905 2882 ndeu,
924 2819 1035 2874 welches
1054 2817 1104 2872 das
1121 2816 1297 2888 gmechrsche,

132 2887 194 2940 ihm
213 2888 422 2958 cntsprechende
440 2888 517 2942 mehr
534 2887 694 2950 ausdriicke,
712 2887 752 2940 als
771 2905 798 2941 cs
816 2887 879 2941 volu
898 2891 941 2940 tas
959 2888 1033 2941 thut.
1051 2887 1136 2940 Ltisst
1147 2904 1213 2941 man
1224 2885 1297 3008 puod

133 2955 238 3010 Graece
255 2974 313 3018 aas,
332 2975 361 3011 so
379 2956 418 3010 ist
435 2957 482 3010 der
500 2956 657 3011 Widcrsinn
674 2956 806 3027 gehoben.
910 2973 961 3010 am
979 2960 1018 3010 et.
1054 2955 1164 3010 Dicscm
1182 2959 1210 3009 et
1225 2954 1298 3023 ‘olgt

132 3024 200 3078 luein
218 3025 323 3079 aweites
341 3029 376 3087 et,
396 3025 512 3080 sondern
530 3028 601 3079 statt
618 3024 713 3078 dessen
731 3024 778 3078 sed
795 3025 846 3078 hoc
864 3025 979 3080 interest
997 3029 1047 3079 etc.
1128 3024 1189 3079 ille
1208 3022 1297 3092 apud

132 3093 317 3157 Trabeam,
335 3092 464 3148 wahrend
483 3112 511 3148 es
528 3093 648 3148 naohher
665 3093 709 3148 illc
726 3093 895 3148 Caecilianus
912 3093 1006 3147 heisst.
1030 3093 1139 3148 Ebenso
1158 3093 1237 3146 Tusc.
1255 3091 1297 3145 IV

134 3166 181 3222 31,
200 3165 233 3214 6⁵1
251 3162 293 3218 ille
311 3162 384 3234 apud
408 3163 549 3224 Trabeam¹
572 3162 663 3216 indem
686 3161 864 3216 unmittelbar
886 3160 1050 3231 vorhergebt
1073 3161 1231 3216 Naevianus
1254 3159 1297 3213 ille

134 3230 249 3283 Hector.
352 3231 383 3297 Q.
402 3231 530 3286 Trabea
549 3231 592 3284 ein
610 3230 760 3284 romischer
786 3229 1030 3300 Lustspi'eldichter
1056 3249 1101 3283 um
1122 3233 1170 3282 130
1190 3247 1213 3282 v.
1232 3228 1295 3283 Chr.

136 3296 347 3368 voluptatem
366 3301 470 3355 animi
488 3299 633 3354 nimiam.
653 3299 890 3369 Mit.Benutzung
907 3315 961 3351 von
979 3297 1058 3351 Tusc.
1076 3298 1118 3352 IV
1131 3301 1172 3359 15,
1188 3299 1220 3350 35
1239 3297 1297 3349 und

135 3365 176 3420 ad
194 3365 256 3421 fam.
274 3369 344 3433 119,
364 3374 379 3421 2
398 3369 436 3423 ist
453 3388 507 3423 von
525 3367 639 3438 Bentley
657 3366 796 3439 folgender
813 3367 883 3421 Vers
901 3365 1056 3489 herpestellt
1079 3365 1213 3442 worden:¹
1236 3347 1297 3434 llgo

133 3435 304 3506 voluptatem
323 3438 408 3492 animi
426 3439 541 3492 nimiam
559 3435 698 3492 sbmmum
716 3453 772 3490 esse
790 3453 907 3516 eprorem
926 3439 955 3488 tr
974 3435 1052 3490 itror.
1138 3434 1200 3488 illc
1217 3434 1296 3488 Cae-

133 3504 294 3560 cilianus.
332 3507 420 3561 Ucbcr
447 3506 578 3561 Caecilius
597 3506 705 3559 Statius
735 3525 755 3559 s.
774 3506 926 3568 zu12,4.
1060 3521 1128 3558 eam
1147 3503 1195 3556 sic
1213 3501 1296 3557 ‹lesi-

132 3575 237 3628 niunt
254 3579 304 3629 etc.
340 3576 391 3630 Dic
409 3575 559 3631 Definition
577 3574 623 3629 der
641 3574 750 3628 Stoiker
776 3573 820 3628 bei
846 3573 926 3662 Diog.
945 3573 1036 3628 Laert.
1055 3573 1111 3628 VII
1130 3577 1180 3626 114
1207 3573 1295 3644 ἡδονὴ

133 3645 167 3699 δέ
189 3645 266 3700 ἐστιν
286 3644 391 3722 ἄλογος
410 3649 532 3720 ἔπαρσις
551 3643 595 3714 ἐφ’
618 3647 722 3718 αἱρετῷ
741 3645 875 3698 δοκοῦντι
892 3642 1042 3718 υπάρχειν.
1072 3643 1149 3696 statt
1168 3641 1296 3716 sublatio·

132 3731 197 3766 nem
215 3713 302 3767 animi
320 3715 377 3768 sine
395 3715 501 3768 ratione
519 3715 643 3767 erwartet
660 3729 725 3765 man
743 3715 775 3766 ut
793 3712 830 3764 rit
848 3711 967 3766 sublatio
985 3716 1044 3776 etc,
1062 3711 1150 3765 wollin
1161 3709 1297 3782 elliptiscb

131 3780 192 3836 und
210 3782 264 3836 mit
280 3783 431 3836 Anschluss
449 3801 484 3836 an
503 3799 561 3836 eam
580 3782 627 3835 der
645 3783 741 3835 Aecus.
761 3780 877 3836 cintritt.
902 3780 935 3836 de
953 3780 996 3834 off.
1015 3782 1030 3834 I
1048 3785 1090 3844 40,
1109 3783 1159 3834 142
1177 3779 1251 3834 Nam
1269 3782 1296 3834 et

132 3849 259 3906 ordinem
278 3851 317 3905 sic
336 3852 476 3915 definiunt,
495 3850 719 3920 compositionem
745 3867 837 3904 rerum
855 3849 927 3920 aptis
946 3854 972 3904 et
991 3849 1203 3904 accommodatis
1220 3849 1295 3903 locis.

133 3918 216 3972 Tusc.
234 3919 274 3975 IV
292 3925 316 3984 6,
337 3925 368 3973 13
387 3939 470 3990 quam
489 3919 634 3986 (laetitiam
657 3918 840 3988 gestientem)v
860 3919 900 3972 ita
928 3918 1077 3981 definiunt,
1106 3918 1163 3972 sine
1190 3918 1295 3972 ratione

134 3987 223 4041 animi
240 3989 393 4043 elationem.
428 3989 464 4043 ib.
484 3993 508 4051 8,
529 3993 560 4040 19
579 3987 654 4053 Quae
671 3990 763 4041 autem
782 3987 904 4042 subiecta
923 3991 988 4041 sunt
1006 3989 1057 4042 sub
1076 3992 1188 4051 metum,
1207 4005 1238 4040 ea
1256 3985 1295 4040 sic

134 4056 277 4119 definiunt,
314 4058 368 4128 igni
382 4059 438 4112 iam
456 4061 561 4113 metum
579 4056 766 4126 consequentis
784 4056 885 4110 laboris
905 4064 954 4111 etc.

203 4125 253 4179 14.
290 4077 328 4180 in
346 4144 381 4181 eo
400 4127 481 4181 ntiml.
500 4127 530 4180 in
548 4143 664 4194 corpore.
752 4125 860 4178 Tanta
877 4126 1016 4180 laetitia
1035 4128 1084 4178 ete.
1121 4123 1175 4177 Der
1192 4121 1295 4176 unvoll-

133 4195 265 4264 standige
276 4195 344 4249 Vers
356 4196 428 4250 eines
439 4195 633 4250 unbekannten
644 4193 911 4264 Lustspieldichtcrs,
929 4195 1065 4248 vielleicht
1078 4193 1124 4246 des
1136 4191 1168 4257 Q.
1182 4189 1294 4246 Trabea,

133 4263 214 4317 Auch
232 4265 311 4318 Tusc.
329 4265 371 4318 IV
390 4269 429 4328 15,
449 4269 481 4318 35
501 4263 580 4334 spielt
599 4261 654 4316 Cic.
674 4263 725 4316 auf
738 4263 849 4317 ihnan.
907 4264 936 4318 N
941 4282 1011 4332 unc*
1026 4261 1158 4317 demum
1177 4265 1227 4313 etc.
1246 4277 1295 4313 aus

135 4332 225 4386 cinam
253 4333 354 4387 Stiicke
380 4333 427 4387 des
454 4332 586 4388 Caecilius
613 4331 727 4385 Statius.
763 4332 966 4402 Vollst'andiger
993 4343 1031 4388 or.
1055 4351 1081 4402 p.
1101 4329 1172 4383 Cael.
1201 4333 1241 4392 16,
1260 4331 1294 4380 37
