2974 4950
396 311 458 366 Lm.
477 312 511 365 V.
546 311 612 366 Orr.
629 311 706 365 XXI.
745 314 773 376 §§
792 316 902 366 58-60.
1165 317 1228 380 255

43 479 223 544 Praeclare
250 481 351 544 enim
375 483 487 546 Plato:
511 485 698 562 Beatum,
722 481 785 545 cui
807 483 929 546 etiam
951 483 990 546 in
1013 489 1226 552 senectute

16 581 18 630 5
44 582 289 666 eontigerit
316 591 366 648 ut
388 585 633 668 sapientiam
660 607 855 668 verasque
880 585 1092 670 opiniones
1116 609 1225 651 asse·

45 683 108 765 qui
132 687 309 768 possiti
365 688 485 765 Quare,
510 687 663 770 quoniam
688 687 728 750 (16
751 687 863 770 primis
886 697 1021 752 naturae
1046 689 1226 754 commodis

44 787 121 850 satis
148 789 291 852 dietum
319 796 393 868 est,
426 812 513 854 nunc
543 789 582 854 (16
611 789 789 854 maioribus
812 791 1155 874 consequentibusque
1178 794 1225 857 vi-

45 889 195 952 deamus.
249 890 326 974 (59)
354 891 483 954 Natura
511 890 614 974 igitur
643 911 760 973 corpus
790 891 922 974 quidem
949 891 1091 954 hominis
1120 893 1166 956 616
1191 901 1226 958 61

46 992 161 1074 genuit
187 1000 226 1056 et
258 979 442 1072 formavit,
476 1000 515 1056 ut
547 993 611 1057 alia
637 992 671 1056 in
700 994 805 1076 primo
835 1002 910 1058 ortu
937 995 1127 1079 perficeret,
1161 995 1226 1060 alia

46 1095 291 1178 progrediente
319 1101 429 1160 aetate
453 1096 605 1180 fingeret,
630 1117 735 1180 neque
759 1119 836 1160 sane
860 1099 1002 1162 multum
1026 1097 1224 1163 adiumentis

48 1200 193 1263 externis
231 1207 270 1264 et
309 1199 508 1264 adventiciis
540 1206 701 1264 uteretur.
758 1201 917 1264 Animum
948 1208 1059 1266 autem
1089 1202 1224 1286 reliquis

48 1303 141 1364 rebus
166 1301 220 1366 ita
245 1303 414 1388 perfecit,
445 1308 484 1366 ut
507 1324 639 1386 corpus:
672 1301 823 1366 sensibus
847 1304 931 1368 enim
956 1303 1086 1368 ornavit
1109 1306 1224 1370 adres

49 1405 288 1488 percipiendas
322 1405 448 1470 idoneis
453 1454 463 1483 ,
498 1411 536 1468 61
567 1403 650 1468 nihil
684 1408 741 1468 aut
768 1428 835 1469 non
858 1389 1005 1470 :multum
1034 1407 1223 1472 adiumento

51 1507 113 1568 ullo
146 1509 192 1572 ad
228 1531 334 1572 suam
374 1508 655 1584 confirmationem
692 1507 877 1591 indigeret:
918 1509 1005 1590 quod
1043 1513 1151 1573 autem
1189 1510 1224 1576 in

53 1609 180 1675 homine
214 1611 549 1696 praestantissimum
577 1617 675 1694 atque
705 1611 866 1696 optimum
894 1616 959 1690 est,
993 1611 1027 1676 id
1059 1612 1221 1676 deseruit:

59 1712 112 1774 6161
146 1715 250 1778 dedit
288 1716 394 1779 talem
423 1721 582 1792 mentem,
616 1737 698 1797 quae
731 1737 862 1779 omnem
891 1715 1050 1790 virtutem
1077 1716 1225 1800 accipere

57 1819 173 1894 posset,
200 1816 431 1901 ingenuitque
455 1816 525 1880 sine
549 1817 701 1881 doctrina
723 1816 861 1880 notitias
883 1839 1000 1899 parvas
1023 1839 1132 1882 rerum
1155 1840 1223 1882 ma·

58 1911 216 1980 rimarum
248 1927 288 1982 et
319 1917 412 2001 quasi
440 1916 588 1981 instituit
616 1917 732 1981 docere
762 1924 796 1980 61
823 1917 955 1982 induxit
982 1917 1016 1980 in
1050 1939 1103 1996 ea,
1140 1941 1223 2001 quae

57 2013 201 2094 inerant,
237 2027 416 2103 tamquam
440 2021 604 2085 clementa
634 2019 795 2084 virtutis:
830 2021 894 2084 Sed
923 2020 1081 2084 virtutem
1116 2020 1222 2105 ipsam

56 2116 235 2203 incohavit,
263 2122 352 2188 nihil
375 2123 527 2207 amplius
567 2123 641 2207 (till
665 2124 784 2207 Itaque
808 2131 959 2188 nostrum
984 2127 1035 2186 est
1062 2162 1103 2171 —
1134 2124 1222 2206 quod

58 2229 205 2290 nostrum
230 2228 323 2305 dice,
348 2227 428 2290 artis
450 2230 504 2290 est
525 2264 565 2276 -
589 2228 630 2292 ad
654 2248 691 2290 ea
714 2226 889 2310 principia,
915 2248 997 2310 quae
1021 2227 1220 2311 accepimus,

62 2332 300 2414 consequentia
317 2331 496 2413 exquirere,
515 2331 621 2414 quoad
638 2330 681 2394 sit
696 2331 741 2409 id,
760 2331 847 2414 quod
866 2332 1030 2409 volumus,
1049 2331 1218 2394 effectum:

63 2431 144 2508 quod
166 2433 309 2516 quidem
330 2432 432 2517 pluris
456 2432 500 2496 sit
522 2434 610 2497 haud
633 2433 731 2518 paulo
755 2432 924 2516 magisque
956 2431 1064 2516 ipsum
1086 2440 1222 2516 propter

64 2550 92 2591 se
115 2535 344 2616 expetendum
368 2556 465 2616 quam
488 2542 546 2597 aut
569 2556 684 2598 sensus
708 2542 765 2598 aut
789 2534 933 2618 corporis
958 2555 1006 2613 ea,
1032 2556 1114 2618 quae
1137 2533 1220 2598 dixi-

64 2720 91 2770 ut
107 2720 212 2786 fierent,
232 2722 342 2778 ratione
360 2726 500 2792 eguerunt,
520 2723 566 2776 sed
584 2723 714 2794 intellegi,
733 2723 823 2794 qualia
842 2723 905 2787 sint,
925 2723 982 2778 aine
999 2741 1105 2778 summa
1117 2721 1224 2776 ratione

62 2802 111 2839 non
126 2796 268 2858 possunt?
304 2790 336 2845 de
355 2794 422 2845 orat.
442 2792 469 2845 II
488 2795 529 2852 60,
548 2796 598 2846 243
617 2796 644 2847 61
660 2793 702 2847 ita
720 2795 829 2861 (mores)
848 2793 1030 2864 effinguntur,
1056 2795 1089 2846 ut
1115 2793 1164 2844 aut
1191 2809 1220 2844 re

63 2861 168 2912 narrata
186 2861 291 2932 aliqua,
310 2860 403 2929 quales
422 2859 491 2924 sint,
510 2860 702 2932 intellegentur
720 2865 769 2916 aut
787 2865 837 2916 616.
872 2880 909 2916 or.
929 2862 962 2916 de
979 2861 1044 2932 imp.
1062 2861 1158 2930 Pomp.
1179 2863 1218 2921 12,

63 2925 93 3001 14
111 2929 190 2997 atque
208 2931 279 2984 haec
297 2946 350 2998 qua
368 2929 503 2983 celeritate
520 2933 599 2998 gesta
617 2932 682 2994 sint,
709 2949 873 3000 quamquam
890 2929 1005 2995 videtis,
1033 2933 1125 2984 tamen
1143 2947 1159 2981 6
1178 2945 1222 2981 me

63 2993 218 3053 indicendo
236 2998 434 3070 praetereunda
452 3017 507 3052 non
525 3003 599 3052 sunt.
685 2999 862 3054 Praeclare
880 2999 967 3054 enim
985 2997 1098 3052 Plato:
1118 2998 1170 3066 leg.
1189 2996 1219 3050 Il

64 3065 149 3148 P3352}
161 3067 186 3119 A
203 3067 348 3156 φρόνησιν
367 3068 398 3122 δὲ
411 3072 459 3121 καὶ
472 3065 594 3136 ἀληθεῖς
607 3067 860 3148 ᾷόξαςβεβαιόυς,
875 3067 991 3148 aproxis
1005 3067 1060 3136 ὅτῳ
1078 3071 1126 3121 καὶ
1145 3067 1221 3139 πρὸς

18 3196 19 3200 ¹
66 3147 406 3275 ttlltdtltttt
424 3134 1218 3282 611611166616661116

67 3281 112 3318 wle
129 3269 244 3346 Madvig
261 3273 392 3338 bemerht,
411 3271 448 3326 ist
466 3290 494 3326 66
512 3273 693 3335 zweifelhalt‚
712 3272 746 3326 ob
764 3273 921 3343 iiberhaupt
938 3271 983 3326 die
1001 3271 1060 3325 h1er
1078 3268 1219 3325 behandel·

67 3335 110 3386 ten
126 3341 254 3411 Anfange
272 3342 319 3396 der
336 3341 521 3412 Handlungen
539 3340 596 3396 und
614 3341 762 3412 Tugenden
787 3345 869 3396 unter
894 3341 939 3395 (116
965 3343 1056 3394 ersten
1083 3337 1219 3392 Naturbe·

69 3399 198 3464 1111161666
215 3411 361 3482 gerachnet
379 3409 483 3490 werden
503 3411 614 3491 diirfem
643 3411 748 3492 spdann
775 3405 888 3492 istder
904 3408 1050 3490 Ausdruqk
1077 3405 1220 3489 commoda

68 3479 720 3660 11111111.ἶὲῗίἆὶ1111311610161111111
751 3474 1219 3603 11111111111111

86 3627 115 3664 en
123 3614 239 3688 iibrigen
247 3617 335 3687 prima
347 3621 461 3671 naturae
470 3617 583 3682 heissen
594 3614 1143 3696 61161116116666611611,Κὸῳ611111166.
1154 3631 1174 3666 6.
1186 3631 1217 3665 w.

133 3681 182 3738 te.
218 3704 256 3739 ne
287 3703 423 3740 666666
441 3685 584 3740 multum
603 3691 652 3741 etc.
672 3687 827 3742 DieNatur
844 3686 894 3740 hat
911 3686 988 3740 nicht
1005 3683 1057 3738 vrel
1074 3682 1155 3749 iibrrg
1173 3699 1216 3750 ge·

21 3779 23 3808 ;
69 3742 165 3816 lescen,
191 3773 248 3810 was
263 3704 312 3810 der
327 3753 442 3808 ,Menach
460 3753 545 3810 durch
563 3755 635 3810 66166
653 3755 745 3826 eigene
762 3755 847 3810 Miihe
865 3755 921 3809 und
949 3755 1043 3834 Kunst
1069 3750 1218 3820 hinzuiiigt

16 3835 20 3872 1,
75 3818 659 3886 11166666(116116161661166161161.
695 3824 810 3892 (Madv.)
910 3826 949 3877 ut
966 3821 1057 3877 n1h11
1074 3823 1133 3875 aut
1151 3838 1218 3874 non

71 3887 208 3946 multum
226 3895 275 3946 ete.
312 3891 364 3946 Die
381 3890 453 3946 Seele
472 3891 569 3946 bedarf
583 3911 617 3946 zu
634 3892 707 3946 ihrer
719 3893 890 3962 Kriftigung
907 3891 962 3946 (1.1.
981 3910 1029 3946 zur
1046 3889 1197 3960 Kr'aftigun

71 3953 121 4007 1111
133 3957 302 4030 Vollendung
321 3961 422 4025 dassen,
443 3978 497 4015 was
516 3961 554 4014 616
571 3961 601 4014 in
619 3961 704 4016 dieser
721 3961 878 4031 Beziehung
895 3980 948 4015 von
966 3960 1013 4014 der
1023 3960 1115 4039 Natur
1133 3907 1220 4013 athad

17 4083 18 4086 ,
73 4019 186 4093 1111161,
205 4030 297 4084 lrainer
315 4029 379 4084 eder
396 4047 449 4082 nur
466 4029 589 4111 geringer
607 4031 834 4101 Unterstiitzung.
913 4029 980 4084 etsi
998 4032 1126 4084 eorrectrv
1144 4047 1165 4106 6ἔ
1184 4044 1218 4078 zu

74 4103 94 4139 ⁰·
113 4095 135 4156 9.
153 4100 192 4152 21.
280 4115 363 4168 quae
381 4116 509 4152 omnem
527 4102 693 4153 virtutem
712 4099 865 4170 accipere
882 4102 999 4169 posset
1022 4098 1076 4152 ‘der
1093 4096 1138 4150 fiir
1152 4093 1218 4172 Jede

16 4183 17 4187 ¹
75 4153 180 4229 'lugent
197 4165 277 4236 fahig
294 4167 350 4228 ur,
368 4165 497 4236 thelsb.
517 4172 574 4228 135,
593 4172 617 4222 2.
667 4167 757 4221 nihil
775 4167 918 4238 amplius
937 4167 1018 4222 niiml.
1038 4165 1111 4220 fecit.
1132 4181 1170 4216 er.
1188 4178 1217 4215 ιιι

17 4243 19 4290 J
76 4221 144 4284 Verr,
160 4235 200 4289 IV
219 4239 260 4298 25,
280 4239 312 4288 56
339 4235 470 4289 hactenus
489 4237 663 4307 reprehendet
681 4236 764 4306 siqui
780 4236 863 4292 volet:
882 4236 951 4292 nihil
969 4235 1094 4306 amphus.
1131 4231 1157 4284 V
1175 4233 1217 4294 49,

16 4311 17 4318 ’
75 4295 119 4350 128
136 4319 189 4358 sese
206 4305 296 4374 iprum
309 4322 332 4358 a
350 4307 377 4358 16
394 4303 500 4374 repetit,
518 4305 587 4359 nihil
604 4304 719 4374 amplius
737 4325 763 4360 u.
783 4309 807 4359 ὃ.
