2942 4950
212 316 273 378 146
445 311 496 364 DE
514 307 667 387 IlllllBUS¹
684 307 869 364 BONORUM
886 303 934 362 ΕΤ
951 305 1141 360 nanctum

211 486 291 564 eius,
317 505 413 567 quem
436 480 532 547 tuin
555 502 610 546 ore
633 501 761 564 semper
784 480 898 556 habes,
922 477 1037 562 proavi
1058 477 1143 556 mei,
1168 485 1373 542 oeterorum-

211 611 274 674 que
298 587 442 652 virorum
465 583 601 649 fortium
625 589 726 665 atque
749 581 838 646 omni
861 581 985 646 virtute
1008 580 1249 665 praestantium
1265 579 1372 657 faeta,

211 694 317 770 dicta,
347 688 485 755 consilia
508 707 712 770 cognoscens
735 685 828 750 nulla
850 685 959 750 animo
982 684 1146 750 alliciatur
1172 684 1376 768 voluptate?

212 796 279 883 (38)
311 793 394 860 uuis
418 798 530 856 autem
552 791 695 854 honesta
716 787 750 852 in
778 786 903 852 familia
933 787 1107 852 institutus
1139 793 1174 852 et
1207 786 1375 852 educatus

210 900 353 984 ingenue
376 919 443 962 non
465 894 536 978 ipsa
558 891 775 975 turpitudine,
801 892 901 956 etiam
924 890 952 955 si
975 913 1050 956 eum
1072 893 1201 956 laesura
1222 913 1292 956 non
1315 890 1375 970 eit,

212 1000 412 1068 offenditur?
450 995 523 1081 quis
547 995 656 1060 animo
680 1015 784 1078 aequo
810 993 902 1059 videt
925 1015 1019 1072 eum,
1053 1015 1150 1078 quem
1172 993 1302 1078 impure
1334 1013 1375 1056 ae

211 1103 376 1190 flagitiose
392 1105 490 1186 putet
505 1098 636 1165 vivere?
660 1097 733 1180 quis
757 1118 824 1160 non
847 1097 918 1161 odit
940 1097 1103 1176 sordidos,
1127 1119 1241 1174 vanos,
1265 1097 1373 1173 leves,
1465 1139 1466 1170 1

214 1204 347 1272 futiles?
372 1198 462 1264 Quid
478 1205 590 1264 autem
614 1197 680 1262 diei
701 1196 836 1281 poterit,
862 1197 890 1262 si
912 1198 1153 1284 turpitudinem
1175 1220 1242 1262 non
1265 1198 1377 1282 ipsam

211 1331 270 1395 per
293 1329 328 1371 ee
351 1301 543 1388 fugiendam
567 1321 639 1366 esse
662 1308 860 1380 statuemus,
886 1323 950 1384 quo
974 1301 1081 1366 minus
1104 1301 1255 1366 homines
1278 1310 1377 1366 tene-

213 1412 289 1476 bras
313 1413 348 1471 et
370 1403 585 1470 solitudinem
607 1401 699 1466 nacti
722 1402 815 1466 nullo
839 1401 1000 1468 dedecore
1024 1424 1059 1467 se
1082 1403 1284 1481 abstineant,
1310 1403 1378 1468 nisi
1466 1471 1467 1482 p

213 1534 269 1577 eos
292 1531 350 1595 per
373 1529 407 1572 se
431 1505 592 1573 foeditate
616 1527 675 1570 sua
697 1503 871 1590 turpitudo
895 1505 967 1590 ipsa
982 1505 1169 1574 deterreat?
1213 1505 1376 1570 Innume-

212 1613 329 1682 rabilia
352 1611 417 1676 dioi
439 1615 580 1695 possunt
602 1608 636 1672 in
659 1610 745 1673 hanc
762 1608 975 1688 sententiam,
999 1609 1140 1674 sednon
1155 1629 1290 1674 necesse
1308 1616 1375 1674 est.

212 1716 308 1782 Nihil
332 1721 384 1779 eet
407 1712 505 1790 enim,
531 1711 571 1775 de
595 1732 659 1795 quo
684 1709 792 1774 minus
816 1709 960 1776 dubitari
983 1711 1108 1796 possit,
1133 1734 1232 1797 quam
1256 1718 1290 1776 et
1313 1713 1377 1776 ho-

212 1825 310 1884 nesta
332 1812 517 1900 expetenda
540 1833 598 1896 per
621 1832 656 1876 se
680 1819 714 1876 et
738 1811 852 1878 eodem
876 1811 974 1877 modo
1005 1814 1116 1899 turpia
1147 1835 1205 1899 per
1232 1835 1268 1878 se
1301 1835 1377 1878 esee

213 1917 382 2005 fugiende.
429 1913 494 1999 (39)
519 1913 709 1978 Constituto
734 1920 846 1978 autem
868 1914 938 1994 illo,
963 1915 1004 1978 de
1028 1937 1092 2000 quo
1116 1921 1193 1979 ante
1216 1915 1376 1994 diximus,

214 2022 302 2108 quod
325 2022 504 2084 honestum
520 2021 620 2094 esset,
645 2015 679 2080 id
696 2036 768 2079 esse
784 2016 892 2080 solum
908 2016 1043 2096 bonum,
1067 2016 1222 2100 intellegi
1235 2039 1379 2082 necesse
1468 2081 1469 2096 2

214 2131 265 2190 est
286 2121 390 2208 pluris
413 2121 466 2198 id,
501 2119 589 2204 quod
612 2120 788 2182 honestum
817 2118 880 2198 sit,
914 2119 1157 2184 aestimandum
1180 2141 1251 2184 esse
1275 2143 1378 2203 quam

212 2229 271 2294 illa
294 2225 421 2302 media,
455 2243 538 2306 quae
561 2242 663 2286 exeo
689 2233 931 2305 comparentur.
978 2223 1165 2288 stultitiam
1196 2228 1308 2288 autem
1341 2231 1379 2288 et

213 2330 428 2397 timiditatem
451 2331 485 2390 et
511 2323 709 2389 iniustitiam
742 2331 776 2390 et
806 2325 1095 2410 intemperantiam
1127 2348 1201 2390 cum
1233 2325 1378 2392 dicimus
1469 2399 1470 2402 Ἴ

214 2518 316 2590 gentile
325 2514 480 2570 allmdhlich
498 2517 610 2577 vertrat,
628 2513 668 2566 ale
686 2511 729 2567 die
746 2514 917 2582 gensFabia,
936 2514 979 2568 die
996 2515 1177 2570 vollkommen
1194 2515 1301 2585 wiirdig
1310 2534 1377 2580 war,

215 2588 300 2642 neben
318 2585 366 2670 der
382 2601 449 2653 gene
467 2583 591 2638 Cornelia
609 2584 732 2663 genennt
747 2601 791 2662 'zu
818 2582 931 2664 werden.
966 2583 1115 2639 Berlihmte
1140 2583 1298 2665 Mitglieder
1328 2584 1379 2638 der

213 2651 540 2805 tltltltlttd
553 2649 1378 2792 llltztltttbtfflltdnlttlt,baltath}

215 2793 259 2848 dre
277 2791 414 2846 Samnrter
431 2789 559 2860 besregte,
577 2787 609 2854 Q.
627 2786 693 2841 aab.
706 2787 779 2842 Max.
792 2787 960 2843 Verrucosus
977 2789 1029 2844 mit
1046 2789 1108 2845 dem
1126 2790 1297 2846 ehrenvollen
1313 2791 1376 2845 Bei-

215 2879 313 2916 namen
331 2859 489 2920 Cunctator,
508 2856 567 2912 weil
585 2874 613 2910 er
630 2855 669 2909 im
686 2860 711 2908 2.
722 2855 873 2927 punieehen
884 2857 985 2930 Kriege
997 2859 1068 2914 Rom
1086 2859 1171 2914 durch
1189 2859 1250 2915 sein
1267 2859 1376 2930 ngern

214 2932 320 2992 rettete,
338 2926 370 2993 Q.
388 2926 455 2981 rab.
473 2925 547 2980 Max.
555 2924 732 2985 Aemilianus,
751 2924 799 2978 der
816 2926 854 2980 als
873 2925 975 2981 Consul
992 2927 1128 2998 gldcklich
1152 2945 1239 2999 gagen
1257 2928 1309 2983 den
1327 2930 1375 2984 vi·

214 2998 323 3053 riathus
336 2995 466 3065 kitmpfte.
485 2996 544 3048 Ans
562 2993 609 3048 der
627 3011 693 3063 gene
706 2991 830 3048 Cornelia
849 2994 910 3049 sind
928 3014 977 3051 vor
994 2996 1063 3052 allen
1081 3007 1115 3052 z'u
1132 3015 1251 3051 neuneu:
1269 2998 1301 3052 Ρ.
1311 2998 1376 3054 Gor-

215 3065 302 3122 nelina
321 3064 411 3135 Scipio
428 3063 574 3144 Africanus
593 3062 692 3143 maior,
711 3061 758 3115 der
776 3062 902 3134 Beeieger
927 3064 1081 3120 Hannibale
1108 3065 1152 3121 bei
1179 3065 1263 3120 Zama
1290 3069 1376 3134 (202),

214 3135 272 3192 und
289 3135 322 3189 P.
340 3133 481 3188 Cornelius
498 3134 543 3190 Sci
561 3132 588 3186 io
600 3131 746 3187 Afrrcanus
763 3134 861 3196 minor,
879 3133 927 3187 der
939 3133 1077 3204 Carthago
1090 3136 1164 3201 (146)
1183 3135 1240 3189 und
1251 3135 1280 3189 N
1280 3155 1377 3190 uman-

216 3205 256 3260 tia
275 3206 349 3271 (133)
367 3205 507 3284 zeretdrte.
542 3151 693 3281 llebrigeps
704 3199 763 3281 ygl.
782 3200 815 3255 de
834 3219 888 3256 sen.
907 3206 931 3265 5,
952 3207 983 3256 13
1001 3203 1059 3257 Nec
1076 3206 1168 3258 tamen
1195 3221 1289 3258 omnes
1314 3225 1376 3277 poa·

216 3277 281 3329 runt
299 3290 355 3328 eece
373 3271 720 3342 Sc1p10neeautMaxrm1.
772 3270 893 3339 proavi
911 3271 980 3326 mei.
1005 3272 1056 3326 Die
1072 3290 1139 3394 {ens
1157 3271 1255 3326 Porcia
1271 3273 1377 3330 konnte

215 3342 284 3398 Cato
303 3340 381 3395 nieht
398 3358 512 3402 uennen,
530 3339 627 3393 darum
646 3337 768 3393 erwthnt
787 3355 815 3392 er
832 3357 884 3393 nur
902 3339 993 3394 eeinen
1010 3341 1075 3394 Ahn
1096 3358 1165 3404 errn,
1182 3340 1235 3394 den
1253 3343 1292 3398 Μ.
1310 3345 1377 3398 Ροι·
1469 3349 1470 3352 ’

216 3411 273 3466 eiua
292 3409 361 3465 Cato
379 3408 524 3464 Censorius
542 3409 710 3474 (234-149).
728 3407 824 3462 Dieeer
841 3426 897 3462 war
908 3407 1009 3464 Consul
1022 3413 1105 3477 (leo),
1123 3409 1162 3464 als
1180 3409 1282 3466 Oeneor
1300 3417 1376 3482 (184)

216 3479 263 3534 der
281 3483 389 3548 strenge
406 3476 596 3546 Vertheidiger
613 3475 804 3531 altrdmischer
821 3477 905 3540 Sitte,
924 3477 981 3531 und
998 3478 1129 3533 verfaaste
1146 3478 1191 3532 0·
1214 3479 1289 3545 nee,
1316 3483 1376 3538 eine

216 3547 379 3603 Gesohichte
396 3546 481 3601 Rome
500 3546 529 3600 in
548 3550 562 3598 ”l
581 3544 724 3606 Biiohern,
747 3543 805 3598 und
822 3545 866 3598 ein
884 3545 954 3600 noch
972 3547 1157 3602 vorhandenee
1212 3549 1259 3603 erk
1285 3549 1319 3606 de
1345 3573 1376 3611 re

215 3617 327 3672 rustica.
414 3613 849 3682 ceterorumquevirorum.
884 3614 1222 3687 Auohdieeefiigthto
1240 3620 1376 3687 rochan,

216 3704 264 3740 um
280 3683 460 3739 Niemandem
478 3702 512 3737 au
530 3683 600 3737 nahe
619 3701 654 3737 zu
671 3684 768 3736 treton.

286 3751 336 3807 38.
372 3751 459 3818 Quid
478 3754 592 3806 autem
610 3749 679 3804 dici
691 3750 826 3831 poterit
843 3753 894 3805 etc.
913 3751 994 3806 Sinn:
1013 3752 1107 3807 Duroh
1125 3771 1180 3808 wau
1198 3755 1245 3808 fiir
1262 3755 1377 3817 Griinde
1419 3787 1428 3805 .

215 3820 304 3876 laseen
322 3820 381 3875 eich
398 3820 491 3884 Lente,
510 3819 552 3873 die
570 3818 614 3873 die
631 3819 840 3876 Unsittli'chheit
856 3818 934 3874 nicht
958 3821 997 3874 als
1015 3839 1051 3875 an
1069 3821 1125 3876 und
1144 3823 1190 3876 fur
1206 3823 1266 3878 sich
1283 3832 1376 3886 verab-

217 3888 432 3968 echeuenswerth
448 3888 624 3952 batrachten‚
648 3887 789 3958 heilegon,
815 3888 874 3942 sich
889 3887 966 3958 jeder
984 3889 1156 3946 Schaudthat
1174 3909 1208 3945 zu
1227 3896 1366 3954 anthalten

216 3976 301 4080 wlpnrp1
312 3957 448 4078 erekpprcht
465 3955 508 4010 die
525 3955 734 4012 Uneittliehlreit
752 3976 788 4011 au
806 3957 863 4012 sich
888 3957 972 4014 eelbst
998 3958 1084 4014 durch
1111 3959 1169 4015 ihre
1188 3944 1377 4026 Hdsslichlreid

217 4045 234 4080 a
253 4045 282 4080 ec
302 4043 345 4079 ree

286 4093 336 4150 39.
373 4092 435 4147 illa
453 4091 575 4147 media:
587 4093 653 4174 jenua
664 4093 848 4166 Mitteldinge,
866 4095 964 4150 welche
975 4114 1024 4150 aus
1042 4094 1104 4150 dem
1116 4096 1227 4152 Sittlich
1249 4106 1314 4158 uten
1332 4125 1378 4177 ga

216 4181 331 4219 wennen
348 4161 463 4217 werden.
566 4162 810 4218 trmrditatem:
830 4182 858 4218 es
875 4164 980 4219 werden
998 4165 1118 4219 offenbar
1136 4171 1153 4218 4
1170 4165 1208 4220 Fe
1238 4187 1266 4223 er
1283 4175 1377 4247 ausge.

216 4232 299 4296 zi'ahlt,
318 4230 417 4286 welche
435 4230 487 4286 den
504 4233 520 4284 4
539 4230 804 4302 Cardinaltugenden
829 4236 907 4303 entge
928 4252 959 4288 en
980 4237 1065 4288 esetzt
1092 4234 1161 4288 sind.
1196 4237 1254 4292 Das
1270 4241 1312 4296 Ge
1332 4264 1377 4300 en.

217 4300 284 4355 theil
301 4300 348 4355 der
366 4299 500 4356 fortitudo
519 4299 582 4354 aber
600 4300 639 4370 ist
656 4301 699 4355 die
718 4303 827 4368 δειλία,
855 4302 917 4357 welo
939 4253 984 4356 egl
1003 4307 1052 4366 16,
1071 4306 1104 4356 50
1130 4303 1241 4373 ignavia
1259 4263 1377 4370 unngV
