3024 4938
246 315 266 377 8
475 313 527 368 DE
544 313 697 368 FINIBUS
715 255 899 368 llONORUM
917 313 965 368 ΕΤ
982 312 1170 368 MALORUM

328 482 638 548 Praeclarorum
666 465 879 545 hominum
907 505 950 546 eo
973 483 1186 566 primorum
1216 482 1408 566 signifer-

458 606 599 668 umque

327 685 511 750 Maluisti
535 685 629 749 diei.
677 685 828 750 Graece
852 707 945 770 ergo
968 695 1133 771 praetor
1156 686 1343 766 Athenis,

327 788 373 852 Id
397 783 497 870 quod
520 786 716 866 maluisti,
741 794 796 866 te,
823 810 905 852 oum
930 787 1048 869 adme
1068 789 1226 868 eocedi',
1251 791 1403 854 saluto:

332 893 475 976 Χαῖρε,
517 889 693 973 inquam,
737 889 840 954 Tite:
889 890 1072 969 lictores,
1116 883 1244 957 turma
1289 894 1408 956 omni'

457 992 685 1075 cohorsque.

302 1098 468 1178 Χαῖρε,
497 1092 600 1159 Tite!
633 1095 724 1157 hinc
757 1094 886 1158 hostis
914 1095 964 1158 mi
992 1096 1207 1175 Albucius,
1232 1097 1324 1160 hinc
1347 1097 1407 1161 in-

456 1196 608 1260 imious.

244 1297 306 1384 (lt)
323 1300 389 1363 Sed
404 1298 473 1362 iure
489 1299 633 1363 Mucius.
674 1301 748 1382 Ego
773 1309 883 1364 autem
900 1300 1011 1364 mirari
1028 1302 1105 1364 satis
1120 1323 1187 1366 non
1203 1323 1298 1386 queo,
1316 1302 1408 1366 unde

243 1403 306 1465 hoc
330 1401 375 1464 sit
397 1408 467 1465 tem
498 1401 645 1466 insolens
677 1403 933 1467 domesticarum
964 1425 1074 1467 rerum
1096 1403 1279 1468 fastidium.
1325 1405 1408 1467 Non

244 1509 296 1566 est
312 1502 444 1566 omnino
460 1503 515 1568 hic
532 1504 672 1568 docendi
694 1504 799 1582 locus,
825 1505 883 1569 sed
899 1505 947 1569 ita
962 1506 1070 1570 sentio
1088 1514 1123 1570 et
1138 1528 1235 1591 saepe
1251 1507 1405 1585 disserui,
1505 1587 1506 1600 χ

243 1604 395 1670 Latinam
419 1605 567 1690 linguam
590 1629 657 1670 non
678 1608 777 1671 modo
800 1629 867 1674 non
889 1607 1032 1693 inopem,
1057 1615 1095 1672 ut
1111 1610 1212 1692 vulgo
1234 1617 1407 1693 putarent,
1505 1615 1506 1622 ’

244 1709 302 1773 sed
325 1709 575 1794 locupletiorem
600 1711 699 1774 etiam
724 1731 795 1774 esse
819 1734 916 1794 quam
933 1711 1105 1776 Graecam.
1152 1711 1293 1777 Quando
1317 1711 1410 1776 enim
1505 1703 1506 1736 ³

243 1813 356 1891 nobis,
389 1814 443 1876 vel
475 1813 583 1877 dicam
615 1820 674 1876 aut
689 1813 889 1877 'oratoribus
922 1813 1017 1878 bonis
1045 1820 1104 1877 aut
1130 1814 1255 1899 poetis,
1288 1823 1410 1897 postea

245 1916 377 2002 quidem
402 1938 499 1999 quam
523 1915 588 1980 fuit
612 1936 708 1998 quem
731 1915 955 1995 imitarentur,
980 1917 1068 1981 ullus
1092 1916 1250 1981 orationis
1273 1917 1326 1980 vel
1350 1937 1408 1979 co·

243 2019 355 2105 piosae
370 2018 425 2082 rel
441 2018 604 2101 elegantis
622 2024 757 2082 ornatus
781 2017 907 2082 defuit?
951 2018 1014 2082 IV.
1040 2019 1113 2103 Ego
1136 2041 1225 2098 vero,
1250 2018 1409 2102 quoniam

244 2122 430 2187 forensibus
441 2121 560 2206 operis,
571 2120 753 2200 laboribus,
764 2120 920 2206 periculis
930 2145 997 2186 non
1008 2122 1190 2186 deseruisse
1201 2120 1410 2185 mihivideor

244 2224 456 2310 praesidium,
481 2223 595 2308 inquo
619 2245 639 2287 a
661 2224 784 2308 populo
808 2226 957 2288 Romano
973 2225 1104 2288 locatus
1115 2248 1198 2304 um,
1216 2224 1320 2289 debeo
1330 2247 1409 2308 pro-

244 2328 347 2406 t'eoto,
366 2333 669 2411 quantumcumque
679 2349 825 2411 possum,
843 2325 876 2389 in
893 2348 930 2390 eo
948 2348 1077 2411 quoque
1089 2327 1268 2404 elaborare,
1285 2332 1323 2390 ut
1337 2326 1411 2390 sint

245 2450 354 2512 opera,
373 2429 497 2503 studio,
521 2429 636 2492 labore
652 2449 725 2491 meo
743 2427 907 2493 doctiores
932 2429 1020 2493 cives
1044 2429 1119 2508 mei,
1146 2451 1207 2493 nec
1231 2451 1306 2494 cum
1328 2429 1407 2492 istis

245 2536 341 2595 tanto
352 2552 450 2614 opere
460 2551 619 2614 pugnare,
638 2529 693 2613 qui
704 2531 831 2594 Graeca
847 2531 958 2615 legere
974 2532 1103 2610 malint,
1115 2532 1213 2596 modo
1223 2531 1412 2615 legantilla

245 2632 328 2716 ipsa,
346 2654 387 2695 ne
403 2631 571 2712 simulent,
589 2639 624 2696 et
639 2632 679 2696 iis
695 2633 827 2713 servire,
847 2634 902 2718 qui
918 2634 972 2698 vel
983 2634 1130 2717 utrisque
1146 2633 1268 2697 litteris
1286 2633 1334 2695 uti
1348 2654 1410 2696 ve-

246 2733 311 2798 lint
332 2735 397 2810 vel,
421 2735 449 2798 si
474 2758 549 2798 suas
574 2736 713 2810 habent,
739 2735 815 2800 illas
843 2760 909 2801 non
934 2758 1054 2820 magno
1080 2757 1177 2820 opere
1203 2735 1408 2800 desiderent.

936 2897 948 2923 Ι

246 2937 279 2991 de
298 2954 352 2991 sen.
372 2941 413 3000 10,
432 2941 465 2990 33
484 2938 528 2991 ein
551 2937 636 2992 durch
656 2939 854 3009 Korperkriifte
879 2939 1115 3009 ausgezeiehneter
1132 2939 1262 2994 Centurio
1285 2944 1412 3010 genennt

246 3005 321 3060 wird.
392 3005 582 3076 primorum
600 3006 667 3061 Cen.
688 3025 742 3061 von
758 3007 898 3077 primores.
968 3008 1012 3062 mi
1034 3033 1057 3054 =
1080 3008 1158 3063 mihi.

314 3072 364 3128 lo.
401 3073 521 3129 mirari
539 3074 627 3130 satis
652 3093 719 3130 non
742 3093 832 3145 queo.
870 3076 927 3129 Das
944 3076 973 3130 in
991 3076 1043 3132 den
1061 3077 1180 3132 Hdschr.
1197 3075 1320 3131 fehlende
1338 3077 1410 3130 satis

246 3141 285 3196 ist
302 3140 401 3196 bereits
417 3161 473 3197 von
491 3143 636 3198 Manutius
653 3144 706 3198 mit
722 3143 812 3198 Recht
829 3143 1014 3226 hinzugefiigt
1030 3147 1148 3201 worden.
1182 3145 1260 3200 Doch
1278 3145 1316 3198 ist
1334 3145 1411 3199 scine

246 3211 369 3282 Stellung
386 3211 458 3265 naoh
476 3211 588 3276 mirari,
610 3212 664 3283 vgl.
683 3213 725 3267 IV
743 3217 784 3276 15,
803 3216 835 3266 39
853 3218 885 3268 ut
903 3215 998 3269 miron
1016 3214 1083 3269 satis
1107 3214 1224 3268 istorum
1250 3214 1410 3268 inconstan-

248 3279 317 3334 tiam
335 3297 391 3334 non
408 3280 519 3352 possim.
556 3280 589 3335 de
607 3285 664 3336 nat.
683 3281 755 3336 deor.
774 3283 849 3346 134,
868 3287 901 3337 95
919 3283 1043 3353 equidem
1061 3283 1156 3337 mirari
1177 3281 1246 3338 satis
1269 3300 1324 3336 non
1345 3299 1410 3352 pos-

245 3367 314 3404 sum.
351 3348 384 3402 de
402 3353 470 3404 orat.
489 3349 627 3414 133115
645 3351 791 3414 enimvero,
809 3351 901 3421 inquit
912 3351 1036 3412 Crassus,
1055 3351 1158 3406 mirari·
1168 3351 1236 3406 satis
1254 3369 1309 3406 non
1326 3369 1407 3431 queo.
1506 3389 1507 3392 ,

245 3416 280 3470 ed
298 3419 357 3471 Att.
377 3416 447 3498 X'5,
467 3424 488 3501 3
502 3419 548 3473 sed
566 3419 661 3474 mirari
679 3419 748 3473 satis
764 3420 885 3501 hominis
909 3420 1109 3542 neglepentism
1131 3439 1186 3474 non
1210 3438 1287 3490 queo.
1343 3438 1409 3502 urn-

246 3485 564 3624 tt.⁰}⁰.·...l'.¹ttl¹”t
572 3506 639 3636 ⁸1⁰5?
643 3488 710 3611 all
727 3488 882 3612 llii‘ffl
882 3489 968 3627 tlte
986 3488 1250 3627 restittit.
1268 3575 1284 3610 ι
1303 3486 1412 3612 titt

245 3627 273 3676 te
290 3639 395 3702 semper
411 3626 501 3693 putas,
519 3623 646 3679 Graecia!
665 3624 699 3704 de
717 3630 774 3680 nat.
794 3624 865 3680 deor.
883 3626 899 3679 I
917 3630 968 3689 4,e
986 3644 1039 3695 quo
1058 3627 1089 3680 in
1105 3643 1202 3696 genere
1219 3630 1330 3680 tantum
1347 3643 1411 3695 pro·

247 3689 343 3744 fecisse
361 3689 502 3755 videmur,
529 3696 562 3746 ut
589 3692 734 3748 aGraecis
760 3713 794 3748 ne
819 3693 962 3748 verborum
991 3695 1101 3765 quidem
1127 3695 1204 3765 eopia
1231 3694 1410 3750 vinceremur.

244 3757 299 3811 rel
316 3757 427 3812 dicam
449 3782 474 3805 =
496 3760 538 3814 rel
555 3761 648 3830 potius
667 3762 786 3817 omnino.
822 3763 856 3816 In
880 3762 928 3818 der
944 3764 1094 3818 Asceusion
1118 3763 1153 3817 ad
1170 3763 1236 3817 fam.
1253 3763 1295 3818 IV
1313 3767 1336 3825 ’1,
1355 3767 1371 3815 3
1391 3783 1411 3818 a

245 3825 391 3948 plerisque,
410 3826 452 3880 vel
469 3826 566 3892 dicem,
585 3829 619 3883 ab
638 3830 773 3885 omnibus.
808 3832 890 3886 Brut.
910 3835 951 3896 70,
970 3837 1021 3885 246
1039 3850 1086 3887 nec
1104 3831 1186 3886 hebes
1203 3831 1232 3886 in
1249 3831 1347 3894 causis,
1366 3833 1411 3887 rel

265 3894 343 3957 'cam,
370 3895 430 3966 plus
450 3896 533 3951 etiam
569 3916 634 3951 uam
651 3916 706 3952 nou
725 3898 815 3955 hebes.
885 3900 1085 3955 forensibus
1113 3900 1245 3971 operis,
1275 3899 1409 3954 labori·

245 4029 365 4113 neribus.
418 4033 1114 4154 hineoquoqueelabopare‘inderHoffnu
1164 4037 1290 4092 auferto
1330 4036 1409 4108 plan·

244 4117 417 4223 ittet?
436 4101 1047 4230 stit.”fihdtttttiltltlttlt..
1075 4123 1411 4230 tetemet&

245 4235 350 4292 Leuten
368 4236 411 4291 ins
429 4241 509 4310 Auge
526 4240 631 4311 gefesst
648 4240 730 4305 uird,
750 4261 780 4296 so
797 4242 848 4297 hat
865 4243 972 4299 Ciceros
991 4245 1065 4300 Rode
1083 4244 1152 4298 doch
1171 4243 1248 4298 mehr
1265 4243 1343 4298 einen
1360 4243 1409 4298 all·

245 4307 384 4375 gemeinen
402 4305 561 4363 Charakter.

245 3962 324 4024 bus,
341 3962 522 4035 periculis:
583 3983 639 4020 uso.
657 3967 673 4020 I
692 3972 715 4028 1,
735 3973 748 4020 1
773 3967 960 4024 defensionum
977 3969 1116 4024 laboribus
1134 3969 1331 4159 senatoriisrppe
1348 3987 1409 4023 mu·
