2942 4950
418 295 483 350 Iun.
501 295 533 350 V.
570 295 637 350 Orr.
655 294 705 349 XI.
742 298 770 361 ἐξ
790 299 899 348 31-33.
1179 300 1239 362 237

78 466 317 550 perpetiantur,
342 472 381 530 ut
394 468 518 546 vivant,
545 472 577 530 et
600 473 765 550 angantur
787 464 1102 550 appropinquatione
1125 467 1241 530 mortis

79 567 225 634 confecti
248 569 398 632 homines
420 575 593 633 senectute
610 573 644 632 et
661 590 699 632 ea
713 567 892 652 perferant,
918 588 1001 650 quae
1017 567 1241 633 Philoctetam

77 668 228 734 videmus
251 670 286 734 iu
309 669 447 734 fabulis:
479 671 535 754 qui
563 693 638 734 eum
669 669 869 734 cruciaretur
891 692 958 733 non
981 668 1124 734 ferendis
1149 670 1241 735 dolc-

76 771 181 850 ribus,
205 773 412 858 propagabat
434 780 547 837 tamen
570 772 677 836 vitam
704 772 859 855 aucupio,
895 771 1096 854 ‘configebat
1126 761 1241 837 tardus

77 876 219 955 celeres,
244 883 336 940 stans
360 877 541 955 volantes',
566 883 605 939 ut
628 876 716 960 apud
739 875 878 939 Accium
901 882 969 954 est,
994 895 1240 958 pennarumque

77 985 239 1043 contextu
277 978 406 1064 corpori
440 986 636 1062 tegumenta
673 977 829 1042 faciebat.
891 975 955 1062 (33)
988 977 1038 1041 De
1070 977 1239 1041 hominum

75 1103 197 1164 genere
222 1088 282 1146 ant
304 1081 437 1146 omnino
461 1082 502 1144 de
526 1080 716 1144 animalium
746 1081 878 1164 loquor,
914 1101 988 1144 eum
1020 1081 1174 1144 arborum
1206 1092 1240 1143 et·

75 1185 231 1270 stirpium
247 1183 363 1248 eadem
382 1205 486 1268 paene
509 1193 627 1247 natura
651 1181 715 1245 sit?
761 1182 836 1246 Sive
861 1182 958 1263 enim,
983 1190 1021 1247 ut
1042 1181 1240 1265 doctissimis

74 1286 154 1351 viris
177 1287 286 1350 visum
310 1293 372 1365 est,
397 1285 500 1350 maior
524 1286 634 1370 aliqua
658 1308 756 1350 eausa
779 1293 878 1370 atque
902 1287 1042 1351 divinior
1065 1289 1150 1351 hanc
1173 1285 1239 1348 vim

74 1379 245 1474 ingenuit,
281 1390 349 1453 sive
372 1391 436 1454 hoc
459 1389 507 1452 ita
529 1389 568 1452 fit
591 1387 747 1467 fortuito,
780 1389 930 1453 videmus
954 1411 1007 1468 ea,
1042 1410 1125 1473 quae
1152 1396 1240 1453 terra

74 1493 197 1583 gignit,
224 1491 404 1583 corticibus
428 1498 463 1555 et
485 1490 651 1555 radicibus
675 1490 785 1555 valida
810 1492 943 1570 servari,
969 1492 1056 1575 quod
1074 1491 1240 1576 contingit

75 1595 273 1660 animalibus
306 1617 461 1659 sensuum
492 1593 727 1658 distributione
760 1602 794 1658 et
832 1596 974 1679 quedam
1011 1595 1239 1679 compactione

74 1699 310 1762 membrorum.
352 1696 427 1760 Qua
451 1695 583 1780 quidem
607 1695 647 1764 de
664 1718 698 1760 re
715 1719 912 1781 quamquam
930 1696 1092 1761 assentior
1107 1696 1158 1777 iis,
1183 1697 1239 1782 qui
1302 1722 1303 1725 ¹

74 1801 291 1864 haecomnia
322 1799 395 1884 regi
426 1805 544 1862 natura
575 1804 710 1881 putant,
745 1823 828 1884 quae
860 1800 888 1863 si
918 1808 1036 1864 natura
1058 1798 1237 1884 neglegat,

73 1900 149 1984 ipsa
170 1924 242 1966 esse
265 1925 332 1966 non
354 1901 476 1987 possit:
502 1908 616 1964 tamen
640 1902 784 1967 concedo
808 1911 857 1982 ut,
883 1903 939 1987 qui
962 1903 1002 1966 de
1025 1905 1089 1966 hoc
1112 1903 1237 1966 dissen-

73 2005 181 2084 tiunt,
221 2003 413 2068 existiment
450 2004 538 2086 quod
573 2003 678 2068 velint
709 2025 747 2068 ac
778 2005 831 2068 vel
863 2007 926 2068 hoc
953 2005 1171 2088 intellegant,
1210 2005 1237 2066 si

74 2107 207 2190 quando
231 2114 383 2171 naturam
405 2105 547 2170 hominis
572 2105 696 2180 dicam,
730 2106 897 2171 hominem
921 2107 1028 2186 dicere
1051 2129 1118 2170 me:
1152 2104 1236 2170 nihil

72 2299 114 2350 est
134 2295 183 2366 qui
201 2295 282 2351 aliter
299 2293 399 2349 dixerit
416 2294 491 2365 quin.
553 2296 726 2364 angantur
744 2295 1082 2376 appropinquatione
1100 2295 1234 2349 mortis:

48 2414 60 2432 ,
74 2365 106 2420 de
126 2383 183 2420 sen.
202 2368 247 2428 19,
267 2367 300 2416 66
327 2362 432 2429 Quarta
458 2366 546 2418 restat
572 2381 670 2426 causa,
698 2381 767 2432 quae
784 2382 902 2420 mexrme
920 2382 1019 2434 angere
1036 2367 1118 2434 atque
1141 2362 1235 2420 sollici·

49 2432 53 2440 ’
72 2437 134 2488 tam
152 2433 252 2488 habere
269 2435 391 2486 nostram
411 2434 528 2486 aetatem
545 2431 661 2495 videtur,
680 2433 811 2503 appropia
830 2432 907 2487 natio
926 2433 1031 2487 mortis.
1116 2450 1235 2503 propa-

73 2501 435 2572 gabuttamenvitam
459 2501 615 2572 aucupio:
652 2500 775 2571 Sophocl.
828 2502 919 2556 hiloct.
948 2503 1028 2557 1641.
1054 2500 1163 2568 (Wcrte
1189 2501 1236 2555 des

73 2569 283 2642 Neoptolemus)
307 2569 411 2641 ταύτην
429 2571 484 2647 γὰρ
505 2573 580 2640 ἔχειν
600 2569 696 2642 βιοτῆς
715 2569 802 2626 αὐτὸν
821 2570 824 2641 l
846 2571 932 2649 λόγος
950 2573 1010 2626 ἐστὶ
1028 2571 1126 2641 φύσιν,
1144 2574 1235 2646 θηρο-

72 2639 236 2762 {plepem
247 2647 364 2708 πτηνοῖς
382 2643 439 2702 ἰοῖς
458 2640 604 2719 cpoqepflv
624 2659 642 2693 σ
664 2645 793 2762 ρῖερῶςρ
828 2639 1029 2711 configebat
1047 2639 1167 2694 tardus
1185 2643 1235 2693 etc.

96 2727 131 2762 rc.
170 2727 187 2761 a

75 2777 136 2831 weil
154 2795 185 2832 er
203 2776 242 2830 sie
260 2795 309 2830 aus
336 2776 399 2832 dem
426 2775 608 2832 eedeohtniss
635 2776 845 2834 niedersehrieb.
880 2778 925 2832 Sne
942 2777 1036 2832 lauten
1054 2776 1097 2832 bei
1114 2776 1236 2833 Ribbeck

73 2845 174 2917 fragm.
193 2849 264 2925 trag.
282 2846 346 2899 Ace.
363 2863 388 2897 v.
408 2845 487 2898 539f.
506 2845 630 2916 Conligit
648 2845 744 2900 tardus
771 2847 885 2910 celeres,
912 2850 989 2901 stans
1015 2845 1146 2901 volatiles.
1182 2845 1235 2900 Prc

75 2916 155 2969 veste
192 2914 264 2968 inme
282 2913 405 2978 membre
423 2913 507 2967 textis
524 2913 655 2983 contegit.
683 2915 743 2972 Deu
759 2914 860 2970 letzten
877 2916 945 2971 Vens
962 2915 1013 2970 hat
1030 2915 1078 2971 der
1095 2915 1234 2970 Gramma·

72 2985 147 3038 tiker
165 2932 331 3036 densorinus
349 2983 447 3063 fragm.
465 3001 488 3036 c.
509 2987 541 3034 14
558 2982 723 3038 iiberlielert.

146 3050 198 3104 33.
235 3069 304 3104 eom
336 3054 476 3105 actione
495 3050 537 3104 ein
557 3052 605 3106 ἀπ.
625 3053 683 3128 lep.
703 3051 747 3106 bei
764 3051 819 3106 Cic.
890 3053 1234 3132 quaesinaturane·

72 3121 232 3191 glegats.
250 3139 285 3174 zu
303 3070 333 3173 Ii
352 3124 393 3183 16,
411 3123 442 3172 51
465 3118 563 3189 quibus
582 3119 606 3172 si
625 3149 656 3157 —
674 3123 824 3174 uterentur.
898 3139 908 3174 1
937 3139 972 3174 sa
990 3137 1234 3190 essenoupos·

72 3189 128 3244 sit.
164 3188 254 3242 Wenn
270 3188 330 3271 sich
348 3187 392 3242 dio
409 3188 501 3242 Natur
510 3186 595 3270 Ι,111111
612 3206 660 3241 um
679 3187 722 3268 die
739 3188 902 3243 unbelebteu
947 3189 1010 3309 inps
1028 3187 1235 3268 (Erdgewtchse

72 3255 822 3407 raallaturastratur,tede
835 3257 1235 3406 “staretstart
1301 3286 1304 3292 ¹

91 3413 156 3450 reis.
175 3429 206 3439 -
227 3392 342 3464 Madng
359 3394 409 3448 hat
427 3393 488 3449 dem
506 3393 615 3448 hdschr.
653 3397 722 3449 cssrt
749 3412 821 3448 seme
847 3393 1050 3464 Berechtrgung
1076 3393 1232 3448 vmdrc1ert:

72 3414 167 3518 iisher
184 3463 224 3534 las
241 3481 306 3518 man
323 3463 446 3534 possint,
474 3481 530 3518 was
548 3463 612 3517 aber
630 3413 682 3517 den
700 3463 847 3518 chanken
865 3463 927 3517 sehr
945 3461 1135 3526 abschwltcht,
1163 3461 1234 3517 denu

72 3533 122 3587 das
141 3531 241 3587 bedorf
254 3533 346 3586 keines
363 3532 511 3599 Bevveises,
539 3532 601 3586 dese
620 3533 664 3586 die
680 3531 843 3587 unbelebteu
860 3533 949 3613 Dinge
966 3531 1036 3586 ohne
1063 3531 1115 3586 den
1133 3530 1233 3584 Schntz

71 3601 120 3656 der
138 3601 232 3654 Natur
250 3601 327 3656 nicht
344 3601 488 3655 existieren
505 3601 622 3656 ko'nnen.
722 3620 758 3656 ac
776 3601 826 3654 vel
844 3600 903 3655 hoc
921 3600 1137 3671 rutellegant.
1174 3597 1233 3652 Den

71 3669 340 3726 Andersdenkenden
358 3670 412 3724 will
429 3669 474 3724 ich
492 3669 521 3724 in
539 3671 612 3724 ihrer
622 3671 741 3724 Ansicht
757 3671 835 3724 nicht
858 3674 904 3725 ent
924 3672 1087 3740 egentreten,
1106 3667 1234 3723 vielmehr

73 3739 159 3794 ihnen
178 3741 328 3809 gestatten,
348 3739 392 3792 die
409 3739 511 3801 sache,
530 3739 663 3796 wenneie
681 3757 708 3793 es
727 3758 756 3793 so
774 3739 857 3794 lieber
875 3689 976 3802 wdlen,
995 3738 1053 3792 sich
1071 3756 1101 3792 so
1120 3757 1153 3792 zu
1172 3737 1232 3791 deu·

71 3808 125 3862 ken
144 3827 171 3862 u.
191 3825 211 3872 e.
230 3827 262 3862 w.
358 3809 386 3860 si
404 3807 538 3878 quaudo
556 3812 716 3862 naturam
734 3807 888 3862 hominis
907 3807 1024 3863 dicam.
1059 3807 1137 3862 Auch
1156 3825 1234 3862 wenu

72 3895 139 3931 man
157 3881 257 3931 natura
274 3875 394 3956 hpminis
412 3876 452 3930 als
470 3876 529 3930 eine
546 3875 765 3947 Umsehreibnng
783 3877 829 3931 fiir
846 3877 928 3931 homo
952 3877 1016 4000 (vpl.
1034 3878 1067 3931 de
1084 3880 1141 3931 nat.
1160 3875 1231 3930 deor.

71 3946 101 4000 H
120 3950 163 4010 54,
184 3949 232 3998 136
251 3944 305 3998 alvi
322 3949 423 4000 natura
445 3969 469 3990 =
492 3945 579 4010 alvus)
598 3945 722 4009 ansieht‚
740 3964 770 4000 so
788 3945 827 4000 ist
844 3945 913 4000 doch
932 3946 975 4001 nic
996 3949 1009 4000 t
1027 3946 1102 4010 klar,
1129 3965 1232 4001 warum

71 4015 138 4077 Cic„
157 4013 204 4067 der
216 4013 307 4068 bisher
324 4032 378 4069 von
396 4013 448 4068 den
466 4014 627 4068 unbelebteu
639 4014 747 4086 Diugeu
765 4013 875 4084 geredet
892 4015 949 4079 hat,
967 4015 1096 4086 pldtzlieh
1115 4015 1163 4070 ani
1181 4015 1233 4068 den

71 4082 222 4138 Menschen
239 4083 381 4153 iibergeht.
400 4082 564 4137 Aueserdem
581 4083 725 4154 leugneteu
742 4083 785 4138 die
796 4083 1062 4138 Andersdenkondon
1079 4101 1129 4153 gar
1147 4082 1231 4143 nicht,

72 4153 137 4206 dass
155 4153 199 4206 die
217 4151 354 4206 einzelnen
371 4153 461 4274 Dinpe
478 4151 573 4220 irgend
597 4152 656 4207 eine
675 4153 767 4206 Natur
794 4152 881 4207 haben
908 4153 965 4208 und
992 4153 1135 4207 hinderten
1162 4151 1231 4204 auch

72 4221 151 4276 nicht
169 4222 227 4275 eine
239 4221 410 4292 Erbrterung
447 4239 475 4274 er
486 4221 515 4275 N
515 4223 578 4274 etur
596 4220 642 4274 des
655 4221 810 4281 Menseheu,
828 4221 945 4276 eondern
963 4223 1002 4276 sie
1019 4223 1162 4291 lengneteu
1179 4237 1232 4272 nur

72 4290 116 4344 die
135 4289 292 4360 allgemeine
309 4290 366 4346 und
384 4289 554 4360 gdttlichere
573 4288 616 4344 die
634 4290 699 4344 alles
717 4287 906 4361 durcbdriugt.
926 4289 1039 4358 (Madv.)
1144 4287 1231 4342 nihil

238 2707 262 2762 ie
280 2706 374 2763 Worte
391 2707 438 2760 des
450 2709 550 2760 Accius
567 2727 606 2762 rm
648 2707 779 2764 hrocteta
797 2713 879 2764 etwas
897 2708 1036 2789 geandert
1055 2707 1235 2764 vermuthlich
