2974 4950
371 310 434 400 Ina.
452 310 486 366 V.
522 310 586 366 (lae.
604 309 768 366 Xv-le.
805 313 834 376 ἓξ
852 315 963 366 43-44.
1198 313 1260 376 245

85 481 191 545 Nam
211 503 284 546 oum
307 481 355 545 ita
382 481 454 546 nati
474 481 627 564 lfactique
656 481 775 561 simus,
808 487 847 545 ut
879 488 913 546 et
936 482 1056 566 agendi
1078 481 1202 566 aliquid
1226 489 1261 546 et

90 583 268 668 diligendi
291 584 418 668 aliquos
443 589 476 649 et
497 583 708 650 liberalitatis
738 590 772 648 et
800 584 990 663 referendae
1022 585 1149 668 gratiae
1171 585 1259 670 prin·

92 687 189 771 cipia
211 687 245 752 in
267 688 362 752 nobis
387 687 630 753 contineremus
656 695 755 772 atque
772 690 814 754 ad
829 688 1013 766 scientiam,
1037 689 1258 772 prudentiam,

92 790 336 856 fortitudinem
358 797 454 875 aptos
478 791 603 856 animos
632 791 827 856 haberemus
855 815 874 855 a
903 788 1138 875 contrariisque
1161 793 1260 857 rebus

93 894 244 972 alienos,
278 917 345 959 non
364 894 434 959 sinc
457 916 556 960 causa
579 915 650 972 eas,
682 917 761 977 quas
791 894 877 974 dixi,
910 895 943 959 in
966 894 1075 980 pueris
1099 895 1261 959 virtutum

95 997 197 1082 quasi
219 996 383 1063 scintillas
406 997 571 1076 videmus,
606 1019 622 1061 e
647 995 775 1081 quihus·
794 998 929 1062 accendi
957 996 1147 1082 philosophi
1174 997 1259 1062 ratio

96 1099 220 1179 debet,
252 1107 291 1164 ut
324 1121 395 1164 eam
429 1099 522 1184 quasi
550 1100 648 1164 deum
674 1099 791 1164 ducem
820 1101 1024 1184 subsequens
1052 1101 1094 1164 ad
1122 1106 1260 1164 naturae

95 1201 274 1286 perveniat
297 1209 492 1267 extremum.
538 1201 643 1280 Nam,
676 1210 715 1264 ut
738 1223 834 1285 saepe
862 1201 928 1266 iam
952 1203 1020 1267 dixi
1025 1251 1035 1281 ,
1059 1201 1102 1286 in
1132 1201 1261 1266 infirma

96 1311 214 1370 aetate
236 1303 468 1387 imbecillaque
495 1310 606 1368 mente
634 1303 684 1368 vis
712 1309 848 1368 naturae
878 1304 971 1387 quasi
1002 1324 1061 1387 per
1084 1303 1260 1388 caliginem

96 1405 264 1470 cernitur:
289 1427 365 1470 oum
387 1411 498 1470 autem
520 1405 734 1489 progrediens
759 1405 972 1469 confirmatur
994 1404 1133 1484 animus
1157 1429 1259 1490 agno-

98 1509 168 1572 seit
197 1508 254 1572 ille
287 1507 418 1591 quidem
451 1514 588 1571 naturae
620 1507 702 1585 vim,
735 1507 794 1570 sed
822 1507 884 1585 ita,
918 1511 955 1570 ut
978 1508 1134 1590 progredi
1155 1508 1262 1592 possit

98 1611 247 1694 longius,
272 1633 330 1694 per
353 1633 387 1674 se
411 1609 454 1674 sit
478 1617 610 1674 tantum
631 1609 797 1674 incohata.
846 1609 941 1674 XVI.
974 1609 1043 1693 (44)
1064 1611 1262 1675 Intrandum

99 1714 205 1799 igitur
236 1721 289 1778 est
319 1714 354 1778 in
383 1735 492 1778 rerum
523 1718 676 1778 naturam
708 1719 742 1778 et
773 1713 905 1797 penitus
937 1714 1016 1798 quid
1044 1736 1081 1780 ea
1111 1715 1261 1800 postulet

99 1816 359 1900 pervidendum:
384 1814 481 1880 aliter
504 1813 589 1878 enim
613 1814 856 1899 nosmetipsos
879 1837 976 1880 nosse
992 1839 1059 1880 uon
1073 1838 1259 1900 possumus.

99 1919 203 1984 Quod
233 1925 446 2003 praeceptum
477 1917 554 2000 quia
584 1917 690 1982 maius
723 1924 813 1992 erat,
856 1941 954 2002 quam
988 1928 1026 1982 ut
1056 1921 1096 1982 ab
1129 1917 1262 1982 homine

98 2023 289 2102 videretur,
327 2020 430 2087 idciro
468 2021 676 2105 assignatum
713 2027 765 2084 est
797 2019 869 2085 deo.
924 2021 1025 2086 Iubet
1062 2021 1165 2105 igitur
1202 2042 1261 2084 nos

101 2125 246 2210 Pythius
267 2125 390 2210 Apollo
414 2146 549 2189 noscere
573 2130 704 2188 nosmet
719 2125 820 2208 ipsos.
867 2123 1023 2209 Cognitio
1046 2128 1157 2189 autem
1180 2125 1262 2187 haec

62 2296 65 2300 ,
102 2232 158 2294 est
178 2251 243 2292 una
264 2229 380 2308 nostri,
404 2232 443 2293 ut
464 2228 533 2292 vim
556 2227 700 2313 corporis
725 2227 889 2311 animique
911 2227 1055 2292 norimus
1072 2249 1261 2311 sequamur-

103 2353 168 2416 que
201 2352 271 2395 eam
303 2330 423 2410 vitam,
457 2353 539 2414 quae
570 2329 611 2394 iis
643 2329 840 2414 perfruatur.
894 2331 1060 2396 Quoniam
1090 2339 1201 2394 autem
1233 2328 1261 2392 is

104 2434 204 2501 animi
227 2435 394 2518 appetitus
418 2457 437 2498 a
458 2433 618 2520 principio
640 2432 715 2513 fuit,
740 2441 780 2498 ut
795 2455 842 2514 ea,
868 2456 951 2518 quae
968 2433 1048 2508 dixi,
1074 2456 1172 2518 quam
1187 2454 1260 2518 per·

105 2536 287 2600 lectissima
309 2539 427 2600 natura
447 2536 654 2615 haberemus,
679 2535 906 2600 confitendum
922 2544 983 2615 est,
1009 2558 1083 2600 eum
1099 2535 1133 2600 id
1148 2533 1261 2619 adepti

105 2790 153 2844 das
169 2791 217 2844 lat.
237 2807 345 2846 carmen
362 2789 474 2860 geistlos
493 2790 710 2860 beigeschrieben
728 2791 782 2852 sei,
810 2790 859 2845 das
877 2789 951 2845 daun
977 2791 1005 2844 in
1032 2790 1085 2845 den
1102 2790 1171 2844 Text
1187 2788 1260 2843 kam.

105 2858 201 2914 Indesa
218 2858 366 2913 vermeidct
378 2859 433 2913 Cic.
451 2858 481 2912 in
499 2859 553 2914 den
570 2859 807 2931 philosophisohen
819 2858 956 2915 Schriften
975 2859 1064 2914 solohe
1081 2858 1260 2929 griechhns·

105 2928 205 3050 <pruche
216 2927 280 3050 pud
298 2930 354 2982 erst
370 2927 470 3050 inbden
488 2927 596 2982 Briefon
614 2929 704 3050 {udan
723 2929 761 3008 sie
779 2928 837 2982 sich
850 2928 966 3051 Elp'a'upgil
1017 2933 1054 3050 udt
1072 2945 1143 3050 samm
1160 2927 1261 3050 qupsi

108 3015 205 3119 ,tlh
222 3013 586 3136 dlhthgltltsflu
603 3013 1013 3134 Nllussflrdlugtdtt
1031 3013 1261 3120 vihdtenwid

110 3131 161 3186 den
177 3131 357 3203 Philosophen
375 3153 409 3188 au
427 3135 488 3188 dem
505 3132 641 3188 hbchsten
660 3133 730 3188 Ziela
748 3133 795 3186 der
812 3132 904 3187 Natur
921 3133 1028 3188 ffihren.
1087 3133 1142 3188 sed
1160 3132 1209 3186 ita
1229 3163 1258 3172 -

108 3203 238 3255 tantum
263 3202 435 3256 incohata.
471 3201 523 3256 Die
549 3201 634 3255 durch
652 3199 876 3256 fortschreitsnds
892 3200 1101 3270 Entwickelnng
1127 3201 1261 3256 erstarkte

107 3269 310 3398 {eqltchrlrcnnt
328 3270 474 3393 allprdipgs
492 3269 536 3326 die
548 3269 638 3393 {Kraft
656 3269 828 3393 dprfNaturli
854 3269 918 3323 aber
935 3287 983 3392 sq,
1002 3269 1073 3392 dassf
1082 3269 1121 3323 sie
1137 3273 1261 3392 grbssepp

130 3357 145 3394 o
220 3345 286 3394 rrtto
296 3358 357 3394 mac
378 3359 411 3394 en
442 3357 546 3394 annun
578 3358 614 3394 an
631 3358 669 3393 un
718 3341 751 3394 tir
769 3337 808 3392 sic
845 3357 897 3391 nur
915 3355 957 3392 ors
988 3355 1057 3409 ange
1069 3355 1165 3408 angen,
1183 3337 1227 3392 nic

106 3427 138 3462 vo
158 3408 238 3462 ondet
255 3407 301 3462 is.

138 3407 223 3531 1144·
260 3412 352 3542 Qirod
369 3480 587 3558 praeceptum
606 3476 686 3546 quia
703 3475 812 3530 main
831 3478 905 3531 erat
923 3478 972 3530 eto.
1008 3474 1260 3556 Vgl.ruso.122‚

107 3549 139 3598 52
156 3545 238 3600 Hunc
254 3545 343 3616 igitur
360 3563 439 3600 nosse
457 3545 511 3599 nisr
528 3543 651 3599 divinum
669 3549 747 3608 esset,
765 3563 821 3599 non
839 3547 908 3599 esset
925 3545 977 3598 hoc
995 3544 1106 3600 sonoris
1117 3543 1260 3598 cuiusdam

107 3613 190 3694 animi
205 3617 379 3685 pracceptum
397 3613 534 3694 tributum
551 3613 608 3668 deo.
645 3613 677 3668 de
694 3613 718 3668 le
739 3614 837 3694 .1·2·2‚
856 3618 901 3694 58·
916 3613 993 3694 quius
1018 3613 1158 3694 praecepti·
1181 3616 1261 3666 tanta

107 3701 147 3763 ms
163 3686 190 3736 et
208 3685 288 3738 tants
306 3686 442 3737 sententru
461 3687 518 3746 cst,
545 3685 578 3736 ut
595 3699 626 3736 ea
644 3700 699 3763 non
717 3631 822 3764 dommi
839 3701 978 3764 quoipiam
995 3682 1044 3737 sed
1062 3681 1192 3753 Delphico
1211 3681 1260 3735 deo

108 3749 278 3806 tribueretur.
348 3769 445 3820 quam
462 3754 500 3805 ut
518 3749 557 3804 ab
570 3751 709 3830 ,homine
726 3751 1013 3832 vrderctur,·naml.
1030 3753 1211 3832 praeceptum,
1226 3768 1260 3831 Ιιο

108 3819 420 3944 ttssdzllltltl
434 3819 902 3969 tlbtllffittrhlhht
916 3823 1095 3944 btfrttt
1112 3819 1260 3969 {limile

107 3907 222 4038 homine.
240 3957 299 4012 Liv.
318 3955 389 4012 XXI
404 3961 477 4019 29,2
494 3957 626 4038 proehpm
644 3959 763 4011 atrocius
781 3975 863 4026 quam
881 3975 930 4028 pro
947 3976 1059 4013 numero
1077 3960 1261 4038 pugnantrum

109 4025 203 4080 odrtur.
272 4027 564 4105 nosceretnosmet
581 4043 591 4079 1
621 4043 687 4079 sos:
706 4026 820 4106 Tusa}
838 4029 879 4088 22,
891 4029 925 4078 52
942 4030 1115 4108 praecaptum
1125 4025 1260 4106 Apolhnrs

124 4113 158 4148 uo
176 4097 269 4150 monet
285 4098 318 4150 ut
336 4112 364 4148 se
381 4111 494 4164 qmsque
511 4045 614 4148 nosoal).
684 4112 769 4164 qnae
786 4113 828 4148 ιιι
846 4095 1061 4164 perfruatur,
1081 4113 1131 4165 erg.
1150 4113 1193 4148 em
1210 4093 1259 4146 Le-

108 4113 172 4228 len,
198 4163 310 4219 welches
336 4163 380 4217 die
398 4162 485 4217 Giitcr
511 4162 618 4224 heider,
645 4162 692 4216 des
718 4163 764 4217 Κὸ
798 4180 839 4217 ers
865 4163 922 4217 und
951 4163 999 4218 der
1017 4164 1105 4226 Seole,
1132 4163 1260 4232 geniesst.
1295 4210 1298 4224 ,

109 4250 202 4356 quqm
228 4231 482 4302 perfectissima
508 4235 631 4285 natura
658 4231 695 4285 ‘in
714 4235 760 4286 md
791 4230 862 4285 'chet
879 4231 1073 4287 volllrommner
1090 4229 1260 4286 Beschaffen·

128 4300 163 4356 eit
