3020 4948
228 305 288 367 110
468 301 519 356 DId
536 299 688 354 FINIBUS
706 297 891 354 BONORUM
908 297 956 351 ΕΤ
974 296 1163 351 MALORUM

226 480 410 558 antepono,
446 493 584 555 quorum
616 470 700 534 alter
725 491 798 533 eum
823 468 962 552 ⁸vicisset
984 467 1264 533 Lacedaemonios
1296 466 1390 548 apud

226 575 432 642 Mantineam
455 558 554 656 atque
577 573 648 657 ipse
672 572 765 656 gravi
796 571 932 636 vulnere
965 570 1144 636 exanimari
1175 591 1209 633 se
1242 567 1390 647 videret,

226 685 264 741 ut
286 678 429 763 primum
451 675 606 762 dispexit,
632 673 797 758 quaesivit
820 675 974 738 salvusne
999 680 1088 738 esset
1110 672 1254 758 clipeus?
1300 670 1391 735 Cum

227 781 355 844 salvum
378 800 450 842 esse
472 779 590 842 flentes
614 778 666 840 sui
688 776 956 862 respondissent,
988 774 1120 860 rogavit
1143 778 1296 838 essentne
1319 772 1389 836 fusi

226 887 361 950 hostes?
396 882 481 945 Cum
504 881 538 944 id
562 901 703 964 quoque,
728 888 767 944 ut
790 880 956 965 cupiebat,
981 878 1173 957 audivisset,
1198 878 1298 942 evelli
1319 877 1389 940 ius-

227 986 271 1048 sit
294 1007 376 1063 eam,
401 1007 465 1067 qua
488 989 559 1048 erat
582 982 782 1061 transfixus,
813 984 956 1046 hastam.
1002 982 1057 1046 Ita
1088 981 1194 1045 multo
1226 980 1391 1064 sanguiue

226 1087 360 1172 profuso
383 1087 418 1150 in
440 1086 570 1150 laetitia
594 1093 628 1149 et
651 1085 790 1150 victoria
813 1092 865 1148 est
888 1091 1049 1148 mortuus.
1074 1083 1238 1148 Leonidas
1261 1090 1390 1161 autem,

226 1215 284 1256 rex
306 1189 657 1268 Lacedaemoniorum,
691 1211 725 1253 se
749 1189 784 1252 in
806 1189 1037 1273 Thermopylis
1060 1192 1390 1270 trecentosqueeoS,

228 1317 309 1378 quos
333 1292 493 1356 eduxerat
517 1294 655 1377 Sparta,
691 1312 765 1354 cum
790 1298 878 1355 esset
901 1290 1071 1375 proposita
1098 1297 1157 1354 aut
1180 1289 1259 1373 fuga
1281 1289 1393 1373 turpis

228 1402 285 1460 aut
312 1394 457 1478 gloriosa
489 1416 596 1472 mors,
631 1392 787 1478 opposuit
819 1393 985 1458 hostibus.
1040 1393 1237 1456 Praeclarae
1263 1398 1393 1455 mortes

229 1505 307 1562 sunt
329 1497 574 1581 imperatoriae:
600 1496 790 1580 philosophi
814 1503 926 1560 autem
948 1495 983 1560 in
1007 1495 1074 1560 suis
1096 1494 1229 1560 lectulis
1245 1494 1393 1578 plerum-

229 1623 291 1686 que
315 1600 513 1664 moriuntur.
547 1600 665 1664 Refert
687 1606 811 1676 tamen,
838 1621 901 1682 quo
925 1598 1036 1662 mode.
1070 1599 1189 1662 Beatam
1212 1596 1276 1661 sibi
1300 1597 1393 1660 vide-

228 1712 283 1768 tur
307 1725 378 1768 esse
402 1703 561 1768 moriens:
601 1724 723 1786 magna
745 1703 830 1766 laus.
879 1701 1239 1785 Compensabatur,
1267 1701 1388 1783 inquit,

231 1828 317 1870 cum
340 1806 505 1869 summis
529 1805 742 1869 doloribus
765 1804 943 1868 laetitia.
1006 1804 1071 1888 (98)
1100 1803 1210 1867 Audio
1235 1803 1390 1887 equidem

229 1909 421 1995 philosophi
443 1930 569 1987 vocem,
595 1909 748 1993 Epicure.
787 1909 852 1973 Sed
876 1908 955 1991 quid
977 1907 1042 1971 tibi
1065 1906 1241 1972 dicendum
1264 1906 1307 1970 sit
1328 1907 1389 1969 ob-

229 2012 309 2076 litus
334 2035 379 2076 es.
428 2012 575 2077 Primum
598 2011 705 2090 enim,
739 2011 768 2074 si
790 2034 867 2075 vera
890 2016 969 2075 sunt
991 2032 1048 2090 ea,
1078 2030 1217 2095 quorum
1239 2009 1388 2074 reeorda-

228 2116 320 2180 tione
342 2121 377 2179 te
400 2117 544 2200 gaudere
569 2115 670 2194 dicia,
703 2117 765 2180 hoe
791 2123 852 2194 est,
878 2115 906 2178 si
928 2136 1006 2178 vera
1030 2120 1108 2177 sunt
1130 2118 1189 2177 tua
1211 2113 1334 2197 scripta
1358 2119 1395 2175 et

229 2220 384 2298 inventa,
415 2220 559 2303 gaudere
583 2243 650 2283 non
673 2227 780 2304 potes
828 2219 924 2283 Nihil
948 2219 1036 2282 enim
1058 2219 1124 2283 iam
1147 2205 1270 2295 habea,
1305 2217 1397 2299 quod

229 2324 270 2388 ad
294 2345 411 2408 corpus
435 2324 577 2407 referas:
618 2330 670 2387 est
693 2330 805 2388 autem
828 2347 846 2387 a
869 2330 904 2386 te
928 2343 1058 2408 semper
1081 2321 1208 2384 dictum
1225 2341 1287 2384 nec
1311 2342 1396 2404 gau·

229 2427 306 2491 dere
330 2447 529 2509 quemquam
551 2426 614 2490 nisi
638 2431 772 2509 propter
796 2448 914 2509 corpus
937 2447 1000 2490 nec
1025 2423 1149 2487 dolere.
1176 2421 1396 2487 ‘Praeteritis'

228 2529 338 2612 inquit
362 2528 524 2611 ‘gaude0'.
572 2527 780 2592 Quibusnam
808 2528 1016 2613 praeteritis?
1054 2529 1089 2593 Si
1112 2527 1153 2592 ad
1177 2547 1295 2610 eorpus
1318 2545 1395 2608 per-

229 2630 431 2708 tinentibus,
455 2629 601 2694 rationes
624 2637 699 2695 tuas
722 2636 756 2695 te
780 2630 876 2695 video
902 2652 1114 2716 compensare
1139 2653 1214 2694 cum
1236 2627 1311 2691 istis
1333 2627 1395 2690 do·

229 2733 368 2814 loribus,
393 2756 459 2798 non
483 2734 675 2798 memoriam
691 2755 827 2819 corpore
842 2741 1072 2819 perceptarum
1087 2734 1315 2817 voluptatum:
1340 2730 1398 2794 sin

230 2845 341 2902 autem
364 2836 406 2900 ad
428 2837 584 2915 animum,
609 2836 732 2901 falsum
755 2844 807 2902 est
830 2839 919 2922 quod
942 2860 1044 2923 negas
1068 2837 1168 2901 animi
1189 2837 1296 2899 ullum
1319 2855 1397 2898 esse

230 2939 398 3024 gaudium,
425 2941 514 3023 quod
536 2962 602 3004 non
625 2940 788 3005 referatur
811 2941 852 3004 ad
876 2963 1006 3025 eorpus.
1033 2940 1099 3004 Cur
1123 2939 1241 3003 deinde
1264 2938 1397 3002 Metro-

230 3042 303 3106 dori
325 3041 448 3106 liberos
473 3043 705 3106 commendas?
734 3043 812 3127 quid
836 3065 871 3106 ee
894 3043 959 3107 isto
984 3043 1119 3127 egregio
1143 3039 1333 3105 tuo‘officio
1359 3047 1398 3104 et

230 3151 326 3209 tanta
369 3143 434 3208 fide
472 3183 514 3195 -
552 3144 600 3209 sic
638 3145 726 3209 enim
764 3145 916 3210 existimo
954 3185 996 3193 —
1034 3147 1075 3210 ad
1113 3167 1230 3230 corpus
1267 3143 1397 3210 refers?

230 3246 360 3312 XXXI.
386 3245 451 3330 (99)
475 3247 550 3311 Huc
574 3253 608 3310 et
631 3248 723 3327 illuc,
747 3249 924 3333 Torquate,
949 3272 1008 3314 vos
1031 3248 1171 3312 versetis
1187 3248 1284 3312 lieet:
1308 3245 1397 3310 nihil

230 3351 265 3414 in
287 3353 350 3415 hae
373 3351 542 3434 praeclara
565 3351 709 3435 epistula
732 3352 891 3437 scriptum
915 3353 955 3416 ab
980 3352 1123 3436 Epicuro
1147 3372 1332 3435 congruens
1357 3357 1397 3412 et

231 3453 430 3517 conveniens
455 3455 597 3518 decretis
621 3455 690 3518 eius
714 3455 896 3540 reperietis,
942 3455 999 3548 Ita
1030 3454 1240 3539 redarguitur
1270 3453 1339 3538 ipse
1373 3474 1395 3515 a

232 3577 267 3619 se
291 3555 597 3640 convincunturque
621 3557 743 3642 scripta
766 3558 836 3621 eius
859 3558 1027 3642 probitate
1050 3557 1153 3642 ipsius
1177 3579 1215 3622 ac
1231 3556 1393 3621 moribus.

231 3659 320 3722 Nam
342 3661 408 3724 ista
432 3661 674 3725 commendatio
697 3683 885 3745 puerorum,
910 3661 1069 3726 memoria
1092 3669 1126 3726 et
1143 3661 1263 3726 caritas
1279 3659 1394 3724 amici-

232 3760 310 3838 tiae,
335 3784 538 3826 summorum
561 3763 741 3827 officiorum
763 3764 798 3828 in
822 3772 968 3828 extremo
986 3763 1105 3848 spiritu
1121 3762 1326 3828 conservatio
1342 3762 1394 3826 in-

233 3863 323 3927 dicat
345 3863 493 3929 innatam
517 3887 588 3928 esse
611 3867 737 3930 homini
760 3867 962 3952 probitatem
986 3866 1184 3951 gratuitam,
1213 3889 1280 3931 non
1307 3866 1393 3928 invi-

232 4085 352 4140 Refert
370 4089 484 4140 tamen
502 4089 552 4140 ete.
587 4087 644 4142 Vor
661 4087 792 4158 Madvig,
821 4088 868 4144 der
885 4088 958 4143 diese
977 4089 1057 4144 Steile
1080 4089 1216 4161 gliicldich
1244 4087 1395 4143 emendiert

233 4155 290 4220 hat,
308 4155 348 4208 las
368 4173 447 4209 man:
466 4155 561 4210 Refert
578 4160 670 4210 tamen
689 4157 762 4280 quod
781 4157 834 4212 sibi
845 4158 990 4213 videbatur
1002 4177 1059 4213 esse
1071 4159 1200 4213 morienti
1211 4175 1311 4228 magna
1323 4156 1392 4222 leus,

181 4267 182 4272 ,
234 4225 303 4278 ohne
321 4243 356 4278 au
374 4223 460 4278 einem
479 4223 674 4280 Verstiindniss
712 4244 740 4280 er
757 4225 852 4281 Worte
870 4246 904 4282 zu
921 4228 1061 4299 gelangen.

302 4293 353 4347 99.
389 4312 446 4347 vos
466 4295 628 4348 versetis:
659 4295 685 4348 V
704 4299 745 4359 28,
764 4299 797 4348 86
816 4296 845 4350 in
863 4314 916 4365 quo
936 4326 967 4335 -
986 4315 1074 4351 verses
1098 4301 1126 4378 te
1148 4296 1201 4351 huc
1224 4300 1306 4365 atque
1329 4295 1393 4349 illuc
