2942 4950
228 294 291 356 220
472 289 523 346 DII
540 287 692 344 FINIBUS
710 286 896 344 BONORUM
914 288 962 344 ΕΤ
980 287 1171 344 mouera

229 461 327 526 etiam
350 460 445 524 velis.
492 458 556 524 Hic
580 479 654 544 ego,
678 458 755 522 Etsi
777 457 859 523 facit
881 458 937 522 hio
960 458 1104 543 quidem,
1129 459 1273 542 inquam,
1296 457 1387 538 Piso,

227 571 266 628 ut
288 563 397 642 vides,
423 584 476 642 ea,
502 583 585 645 quae
607 561 786 646 praecipis,
810 569 921 626 tamen
943 561 1024 626 mihi
1047 568 1142 645 grata
1164 560 1306 626 hortatio
1326 565 1391 626 tua

228 673 290 731 est.
338 665 420 730 Tum
452 665 510 729 ille
542 664 755 743 amicissime,
787 672 827 728 ut
858 665 1006 745 solebat,
1037 665 1110 728 Nos
1141 687 1236 744 vero,
1268 664 1388 748 inquit,
1462 719 1463 744 ,

229 789 343 832 omnes
366 766 475 832 omnia
497 766 540 831 ad
562 765 660 830 huius
683 765 944 830 adulescentiam
970 767 1187 846 conferamus,
1212 765 1246 830 in
1261 765 1390 850 primis-

228 891 290 953 que
314 877 353 933 ut
375 865 500 953 aliquid
523 888 656 932 suorum
690 867 876 932 studiorum
907 867 1136 952 philosophiae
1168 889 1299 952 quoque
1327 866 1389 930 im·

227 971 363 1057 pertiat,
396 972 450 1036 vel
472 976 512 1036 ut
534 977 569 1034 te
592 969 757 1050 imitetur,
777 991 879 1056 quem
903 976 1002 1050 amat,
1026 972 1081 1035 vel
1103 971 1248 1036 utillud
1271 971 1389 1056 ipsum,
1463 1013 1464 1040 τ

228 1076 316 1160 quod
339 1076 471 1154 studet,
505 1073 614 1137 facere
645 1074 752 1158 possit
775 1073 935 1140 ornatius.
983 1075 1049 1140 Sed
1072 1081 1185 1142 utrum
1206 1074 1390 1138 hortandus

228 1201 263 1244 es
285 1179 397 1257 nobis,
421 1175 520 1256 Luci,
554 1177 678 1260 inquit,
712 1199 754 1242 an
779 1177 879 1242 etiam
901 1183 959 1242 tua
983 1185 1102 1263 sponte
1125 1199 1308 1262 propensus
1330 1181 1391 1243 es?

226 1281 312 1348 Mihi
342 1281 475 1365 quidem
498 1279 723 1358 Antiochum,
757 1301 855 1363 quem
887 1279 1000 1358 audis,
1036 1281 1117 1344 satis
1148 1280 1238 1346 belle
1269 1279 1391 1344 videris

227 1383 410 1448 attendere.
457 1381 541 1444 'Iam
563 1380 620 1444 ille
643 1380 760 1445 timide
783 1381 837 1444 vel
858 1381 970 1466 potius
986 1380 1183 1460 verecunde,
1207 1381 1318 1459 Facio,
1341 1380 1390 1444 in-

228 1486 318 1570 quit,
351 1484 522 1568 equidem,
557 1484 615 1548 scd
647 1483 812 1560 audistine
844 1483 942 1548 modo
967 1484 1007 1547 de
1032 1484 1226 1552 Carneade?
1270 1483 1392 1568 Rapior

226 1587 326 1651 illuc:
359 1593 496 1650 revocat
527 1590 638 1650 autem
671 1586 880 1666 Antiochus,
913 1606 975 1649 nee
1007 1593 1060 1649 est
1090 1592 1261 1670 praeterea
1294 1606 1390 1669 quem

227 1689 408 1755 audiamus.
454 1689 522 1752 III.
562 1688 604 1771 (7)
628 1688 712 1753 Tum
739 1688 837 1767 Piso,
870 1688 945 1752 Etsi
969 1690 1052 1768 hoo,
1086 1688 1214 1773 inquit,
1247 1688 1390 1753 fortasse
1465 1679 1466 1686 ἵ

226 1816 293 1858 non
315 1792 440 1877 poterit
462 1791 509 1855 sic
533 1791 643 1871 abire,
677 1813 753 1856 oum
774 1791 829 1856 hio
853 1791 942 1856 adsit
972 1829 1014 1840 -
1045 1814 1098 1856 mc
1121 1798 1235 1856 autem
1257 1791 1391 1856 dicebat

226 1935 279 1975 -,
303 1900 415 1960 tamen
438 1893 565 1958 audebo
589 1898 622 1958 te
639 1893 679 1958 ab
697 1895 759 1958 hac
775 1893 957 1958 Academia
973 1915 1059 1958 nova
1075 1894 1118 1959 ad
1133 1893 1226 1958 illam
1242 1900 1390 1958 veterem

226 2021 362 2078 vocare,
386 1998 422 2062 in
445 2019 523 2081 qua,
548 2003 587 2060 ut
610 1996 718 2061 dicere
742 1995 949 2061 Antiochum
972 1997 1146 2075 audiebas,
1176 2019 1242 2060 non
1274 1995 1297 2059 ii
1327 1995 1391 2058 soli
1466 2001 1467 2036 ³

226 2105 451 2179 numerantur,
470 2099 525 2184 qui
541 2098 734 2164 Academici
748 2105 920 2178 vocantur,
938 2099 1153 2183 Speusippus,
1171 2100 1390 2178 Xenocrates,

226 2203 379 2282 Polemo,
413 2202 554 2266 Crantor
583 2200 766 2284 ceterique,
806 2202 865 2265 sed
888 2201 988 2265 etiam
1011 2199 1225 2284 Peripatetici
1247 2207 1391 2278 veteres,

227 2327 365 2388 quorum
396 2303 549 2388 prinecps
578 2301 797 2382 Aristoteles,
831 2324 927 2387 quem
961 2308 1100 2386 excepto
1128 2300 1269 2367 Platone
1299 2303 1394 2366 haud
1467 2353 1468 2362 ,

226 2511 395 2569 currentem,
415 2506 545 2581 ὀτρύνειν
563 2507 616 2560 τὸν
635 2509 789 2581 τρέχοντα,
819 2523 875 2560 war
893 2505 951 2560 eine
969 2523 981 2559 s
1001 2504 1211 2560 riiohwdrtliohe
1228 2504 1395 2560 Redensart.

227 2575 262 2630 ad
279 2576 339 2631 Att.
359 2574 432 2628 XIII
449 2577 525 2637 45,2
555 2573 635 2639 Quod
652 2592 696 2627 me
713 2572 842 2636 hortaris,
860 2577 894 2626 ut
911 2592 956 2628 eos
993 2574 1032 2627 ies
1051 2591 1209 2628 consumam
1227 2574 1257 2628 in
1274 2573 1395 2644 philoso-

226 2644 291 2715 phia
311 2642 477 2713 explicanda,
496 2645 648 2696 currentem
667 2647 699 2696 tu
718 2641 837 2712 quidem.
862 2640 897 2694 ad
914 2642 1009 2708 Quint.
1029 2642 1061 2696 fr.
1080 2643 1110 2696 11
1130 2646 1170 2705 15,
1189 2645 1205 2696 2
1224 2659 1306 2712 quare
1323 2641 1396 2696 faeie

226 2721 260 2767 tu
279 2711 390 2782 quidem
409 2711 535 2775 fraterne,
555 2710 627 2781 quod
646 2728 688 2764 me
706 2710 835 2772 hortaris,
854 2709 901 2764 eed
911 2727 954 2764 me
966 2711 1073 2766 hercule
1085 2713 1238 2766 currentem
1250 2728 1321 2765 nuno
1336 2712 1396 2781 qui·

228 2781 297 2844 dem,
316 2783 349 2834 ut
367 2779 459 2834 omnia
476 2797 536 2833 mea
554 2778 648 2832 studia
665 2779 694 2832 in
712 2779 797 2833 istum
815 2797 901 2833 unum
919 2779 1065 2834 conferam.
1135 2779 1216 2834 Tum
1234 2778 1296 2834 ille
1313 2781 1396 2835 ami-

227 2848 381 2911 cissime,
410 2853 447 2902 ut
477 2846 613 2902 solebat
642 2851 693 2902 eto.
739 2847 801 2917 Vgl.
820 2846 940 2901 decrat.
958 2848 973 2902 I
992 2852 1015 2910 9,
1035 2853 1068 2902 35
1099 2847 1175 2902 Tum‘
1197 2847 1324 2902 Scaevola
1351 2868 1396 2904 co·

228 2918 319 2980 miter,
338 2920 370 2971 ut
389 2915 501 2980 solebat,
520 2915 623 2980 (latera,
642 2915 741 2987 inquit,
760 2915 894 2971 assentior
912 2915 1019 2972 Crasso.
1090 2934 1204 2970 omnes
1222 2917 1342 2971 omnia
1363 2948 1394 2958 -

227 2985 457 3041 conferamus.
475 2986 510 3039 In
527 2983 669 3040 Verbindu
726 2985 779 3039 mit
797 3003 890 3040 omnes
907 2983 964 3040 und
984 2984 1110 3040 omnibus
1129 2985 1194 3040 tritt
1212 2986 1304 3040 omnia
1321 2989 1397 3041 stete

227 3055 256 3109 in
275 3053 319 3108 die
335 3054 428 3110 aweite
447 3053 541 3108 Stella:
578 3073 616 3109 or.
634 3073 660 3125 p.
711 3052 739 3107 il.
760 3058 800 3117 12,
819 3057 852 3107 83
880 3071 941 3108 eum
969 3053 1096 3109 omnibus
1114 3053 1206 3108 omnia
1224 3053 1394 3110 minabatur.

227 3123 257 3178 in
274 3123 649 3186 Verr.Aot.H.149,128
686 3121 734 3176 uid
752 3126 794 3177 est
811 3121 886 3178 aliud
905 3122 1032 3177 omnibus
1051 3123 1143 3177 omnia
1179 3126 1270 3178 cecata
1288 3126 1316 3177 et
1335 3143 1395 3178 ma·

227 3192 313 3247 lefioia
331 3191 476 3247 concedere
493 3191 548 3246 nisi
565 3192 633 3246 hoo?
667 3141 798 3248 hemerke
816 3192 886 3247 auch
905 3191 949 3246 die
966 3193 1110 3246 constante
1122 3191 1169 3245 Ste
1189 3209 1246 3262 ung
1260 3209 1318 3246 eon
1336 3211 1395 3247 om·

227 3262 320 3316 nium:
340 3260 373 3315 de
390 3265 461 3315 orat.
479 3261 495 3316 I
513 3265 555 3324 49,
573 3265 624 3314 213
643 3277 751 3315 omnem
770 3261 893 3316 omnium
910 3278 1002 3314 rerum
1019 3264 1102 3330 atque
1121 3261 1223 3315 artium
1241 3260 1396 3316 scientiam.

228 3335 269 3394 57,
288 3333 338 3383 245
357 3347 436 3384 omne
455 3329 577 3385 omnium
595 3333 823 3384 testamentorum
841 3329 885 3384 ius
903 3332 952 3384 eto.
1041 3328 1128 3398 quod
1147 3329 1268 3384 studet
1292 3330 1397 3401 Zumpt

229 3400 242 3463 ξ
262 3403 320 3452 385.
382 3398 393 3456 ,’
407 3416 502 3468 quem
521 3397 635 3452 audies
655 3396 741 3452 dieser
759 3397 859 3454 Zusatz
878 3397 985 3452 soheint
1003 3397 1147 3452 iiberlliiss’
1177 3421 1183 3464 ς
1202 3397 1318 3468 Madvig
1335 3417 1396 3454 ver·

228 3468 337 3521 muthet
349 3465 433 3521 daher
444 3484 507 3520 oum
526 3465 605 3521 andis
622 3465 680 3520 und
698 3465 800 3521 erkliirt
818 3466 966 3532 attendere,
985 3465 1034 3520 das
1053 3465 1127 3521 dann
1140 3416 1217 3521 libne
1229 3464 1328 3537 Object
1345 3467 1395 3531 ist,

228 3535 268 3589 als
286 3534 395 3590 absolut
413 3535 564 3606 gebraucht
582 3534 627 3588 liin
646 3535 839 3590 ‘aufmerkeam
858 3534 931 3590 ae‘m'.
1057 3535 1107 3589 Ra
1138 3535 1190 3590 ior
1208 3535 1291 3590 illuc
1310 3535 1396 3590 ‘mich

228 3604 314 3658 ziehts
332 3604 402 3657 nach
421 3603 509 3658 dieser
526 3602 668 3672 Richtung
686 3603 751 3667 hin',
779 3605 861 3660 niiml.
879 3604 950 3659 naoh
970 3603 1016 3657 der
1040 3553 1138 3658 Schulle
1166 3604 1212 3658 des
1230 3603 1395 3660 Carneades.

299 3672 325 3726 7.
361 3672 440 3727 Iltsi
458 3671 520 3726 hoe
538 3700 570 3710 -
590 3689 656 3725 non
673 3672 806 3741 poterit
833 3673 881 3726 sic
907 3671 1003 3726 abire
1035 3671 1164 3738 ‘wiewohl
1181 3672 1239 3726 dias
1256 3672 1396 3729 vielleioht

229 3740 306 3794 nieht
325 3757 354 3794 so
373 3740 440 3796 wird
459 3739 583 3810 abgehen
600 3740 727 3795 kdnnen’.
763 3741 798 3795 ad
816 3741 876 3795 Att.
894 3740 962 3795 XIV
982 3745 1038 3804 1,1
1067 3759 1122 3795 non
1147 3759 1227 3812 posse
1250 3741 1337 3796 istaec
1355 3743 1396 3798 sie

229 3808 311 3863 abire.
416 3825 464 3863 me
493 3811 605 3863 autem
634 3808 786 3864 dicebat:
822 3809 1016 3873 Acad.11‚2
1047 3810 1082 3864 ad
1108 3810 1183 3864 huno
1209 3809 1283 3864 anim
1301 3811 1395 3882 ipsum

230 3907 261 3916 -
281 3894 325 3930 me
342 3881 433 3932 autem
452 3875 559 3932 dicebat
577 3907 609 3916 -
628 3877 762 3949 quaedam
779 3877 898 3932 institui.
973 3877 1169 3933 Antiochus
1187 3878 1256 3950 ging
1273 3897 1328 3933 von
1345 3878 1395 3934 dar

228 3963 283 4000 von
300 3943 356 3999 Cio.
375 3945 545 4016 adoptierten
561 3945 679 4001 Ansicht
697 3965 760 4011 aus,
779 3946 841 4001 dass
860 3945 903 4000 die
921 3946 994 4000 alten
1012 3947 1190 4024 Academiker
1207 3948 1265 4002 und
1283 3947 1394 4018 Peripa·

229 4013 328 4069 tetiher
346 4013 376 4067 in
394 4012 441 4068 der
452 4014 537 4069 Socha
554 4014 816 4079 iibereinstimmtan‚
835 4033 887 4070 nur
905 4015 943 4069 im
952 4015 1098 4070 Ausdruok
1115 4014 1291 4070 verschieden
1310 4015 1393 4072 seien.

229 4083 377 4138 Crantor
404 4101 452 4138 aus
471 4083 528 4138 Soli
545 4083 575 4137 in
592 4083 721 4146 Ciliciae,
750 4103 798 4138 um
817 4087 867 4138 320
885 4103 909 4139 v.
928 4084 1009 4149 Cha,
1038 4085 1142 4141 schrieb
1161 4091 1229 4169 περὶ
1248 4087 1392 4148 πένθους.

229 4153 308 4206 Tuae.
326 4151 342 4206 I
359 4155 470 4215 48,115.
506 4170 649 4224 quorum
666 4153 827 4224 princeps
845 4153 1071 4208 Aristoteles.
1090 4153 1142 4208 Die
1159 4153 1260 4234 Illhpse
1278 4171 1332 4208 von
1350 4158 1395 4208 est

229 4220 314 4275 findat
332 4219 391 4275 sich
409 4221 479 4276 auch
497 4239 533 4276 an
551 4221 669 4278 anderen
688 4221 801 4275 Stallen:
835 4220 921 4276 Acad.
939 4222 969 4276 II
987 4225 1029 4286 42,
1049 4226 1097 4276 129
1116 4208 1318 4294 Idegarrcorum
1336 4221 1394 4277 fuit

229 4289 328 4344 nobilis
346 4289 498 4360 disciplina,
517 4290 603 4354 ouius,
621 4296 654 4345 ut
671 4289 804 4360 seriptum
816 4290 902 4354 video,
919 4290 1044 4362 princeps
1053 4291 1243 4363 Xenophanes.
1260 4291 1297 4346 ib.
1317 4294 1390 4358 §131
