2942 4950
414 301 476 356 Ina.
496 301 530 356 V.
565 301 630 356 Gar.
648 301 735 356 1-11.
772 304 800 367 §5
820 307 896 358 3-6.
1174 309 1236 372 219

84 472 153 536 Hoc
174 477 285 536 autem
307 475 472 554 tempore,
507 471 569 534 etsi
601 471 708 536 multa
738 471 773 535 in
797 473 886 536 omni
909 480 1003 556 parte
1028 475 1237 540 Athenarum

84 574 210 639 suntin
232 573 312 657 ipsis
335 573 417 638 locis
441 573 563 638 indicia
596 595 800 638 summorum
830 574 995 654 virorum,
1029 581 1142 642 tamen
1174 600 1236 663 ego

83 676 138 738 illa
166 696 300 738 moveor
337 675 492 739 exhedra.
539 675 641 738 Modo
679 675 765 738 enim
802 675 868 739 fuit
900 675 1095 742 Carneadis:
1139 701 1238 762 quem

82 778 187 842 videre
210 777 325 844 videor
355 815 398 825 -
428 785 481 841 est
505 777 591 842 enim
623 783 703 841 nota
734 777 845 862 imago
877 815 919 828 -
951 801 969 844 a
999 779 1142 864 sedeque
1166 782 1237 866 ipsa

82 887 172 944 tanta
185 879 312 964 ingenii
326 879 555 964 magnitudine
572 879 689 944 orbata
706 880 885 946 desiderari
900 882 993 947 illam
1010 905 1127 948 vocem
1142 891 1236 970 puto.

82 983 229 1067 (51111111
251 984 344 1062 Piso,
378 983 543 1048 Quoniam
573 983 677 1068 igitur
701 983 825 1067 aliquid
849 1007 978 1064 omnes,
1013 985 1091 1070 quid
1113 987 1237 1052 Lucius

81 1088 209 1150 noster?
241 1085 369 1170 inquit,
410 1107 452 1149 an
475 1107 550 1151 eum
572 1086 685 1150 locum
706 1085 852 1152 libenter
874 1087 1002 1168 invisit,
1035 1088 1094 1153 ubi
1116 1091 1238 1154 Demo-

81 1189 211 1252 sthenes
228 1193 263 1250 et
279 1187 465 1251 Aeschines
488 1187 575 1252 inter
598 1209 633 1250 se
657 1188 826 1253 decertare
848 1189 939 1253 soliti
955 1191 1053 1254 sunt?
1077 1213 1135 1254 suo
1153 1190 1240 1255 enim

81 1289 214 1371 quisque
238 1287 350 1351 studio
382 1289 524 1353 maxime
557 1289 699 1354 ducitur.
747 1291 793 1353 Et
823 1291 899 1369 ille,
934 1304 1009 1356 cum
1041 1293 1237 1372 erubuisset,

80 1391 168 1470 Noli,
191 1390 312 1474 inquit,
337 1411 378 1454 ex
400 1413 453 1454 me
477 1412 648 1474 quaerere,
689 1391 745 1475 qui
768 1393 801 1455 in
824 1393 1035 1458 Phalericum
1059 1395 1160 1460 etiam
1183 1395 1240 1459 de-

80 1491 277 1572 scenderim,
311 1515 375 1576 quo
398 1493 431 1557 in
455 1495 529 1558 loco
553 1495 755 1559 adductum
778 1494 872 1559 aiunt
895 1496 1080 1561 declamare
1104 1498 1241 1563 solitum

80 1597 349 1674 Demosthenem,
375 1601 413 1660 ut
435 1597 604 1662 fremitum
629 1605 835 1662 assuesceret
851 1621 932 1663 voce
948 1599 1091 1666 vincere.
1137 1601 1240 1665 Modo

81 1698 179 1762 etiam
200 1699 337 1782 paulum
359 1699 400 1762 ad
424 1698 594 1763 dexteram
616 1699 656 1763 de
685 1700 739 1763 via
770 1700 953 1779 declinavi,
986 1709 1025 1765 ut
1057 1702 1099 1766 ad
1121 1702 1242 1766 Pericli

80 1801 265 1885 sepulcrum
289 1800 492 1865 accederem.
539 1801 750 1885 Quamquam
780 1803 816 1867 id
844 1803 978 1886 quidem
1000 1805 1168 1869 infinitum
1191 1809 1242 1869 est

78 1902 112 1965 in
134 1903 197 1966 hac
220 1893 325 1966 urbe:¹
345 1923 550 1986 quacumque
575 1904 663 1966 enim
686 1903 900 1987 ingredimur,
925 1904 959 1968 in
979 1905 1089 1988 aliqua
1105 1905 1243 1972 historia

78 2004 257 2090 vestigium
285 2005 450 2090 ponimus.
498 2006 541 2089 (6)
565 2005 649 2070 'Pum
671 2006 764 2084 Pis0,
798 2007 920 2090 Atqui,
954 2007 1087 2086 Cicero,
1120 2007 1239 2090 inquit,

78 2106 142 2172 ista
173 2108 303 2187 studia,
342 2108 371 2171 si
403 2109 444 2173 ad
475 2108 654 2173 imitandos
687 2130 833 2172 summos
865 2110 952 2174 viros
984 2113 1158 2194 spectant,
1191 2109 1240 2173 in-

77 2211 290 2296 geniosorum
323 2219 418 2290 sunt,
453 2213 504 2276 sin
535 2217 665 2276 tantum
697 2213 795 2276 modo
820 2213 861 2276 ad
884 2212 1006 2276 indicia
1028 2212 1150 2276 veteris
1173 2233 1240 2276 me·

77 2313 201 2378 moriae
217 2313 459 2398 cognoscenda,
484 2313 698 2378 curiosorum.
738 2313 783 2378 'Pe
800 2321 912 2378 autem
928 2316 1098 2380 hortamur
1114 2333 1239 2390 omnes,

79 2423 267 2481 currentem
283 2417 427 2500 quidem,
452 2421 490 2479 ut
510 2438 616 2501 spero,
641 2424 680 2480 ut
696 2438 763 2496 eos,
789 2439 870 2501 quos
886 2417 1017 2481 novisse
1033 2416 1094 2495 vis,
1119 2414 1241 2478 imitari

80 2587 308 2658 cegenwereigen
326 2587 454 2642 enthalte.
526 2587 682 2642 exhedra:
702 2588 810 2643 Vitrnv.
829 2589 854 2642 V
874 2593 913 2650 11,
932 2591 948 2642 2
967 2588 1180 2642 Constituantur
1197 2605 1242 2641 au-

80 2662 137 2710 tem
156 2657 185 2710 111
203 2655 292 2712 tribus
311 2656 462 2727 porticibus
481 2656 635 2711 exhedraes
656 2657 767 2721 reticeas,
785 2656 918 2713 habentes
932 2657 1014 2722 sedes,
1032 2657 1062 2712 in
1074 2656 1173 2727 quihus
1184 2656 1243 2727 phi-

79 2723 196 2796 losophi,
215 2725 337 2780 rhetores
349 2725 508 2806 reliquique,
528 2726 575 2796 qui
587 2675 688 2780 studiis
701 2725 877 2790 delectantur,
896 2726 1021 2782 sedentes
1033 2725 1173 2796 disputare
1182 2741 1243 2806 pos·

78 2795 146 2848 sint.
216 2812 311 2864 quem
330 2793 446 2848 videre
463 2794 589 2850 vrdeor.
612 2795 655 2848 Da
672 2793 762 2850 videre
780 2795 839 2850 hier
855 2798 994 2867 prtgnant
1011 2795 1086 2849 steht
1104 2795 1142 2848 im
1161 2794 1244 2846 Smne

78 2882 134 2917 von
152 2880 243 2918 coram
261 2862 358 2926 videre,
377 2879 407 2917 so
426 2863 464 2917 ist
482 2882 510 2918 es
529 2863 738 2944 vorengestellt:
769 2883 790 2918 e.
811 2869 851 2926 18,
871 2869 903 2918 19
922 2865 994 2920 Mihi
1013 2863 1124 2936 quidem
1141 2863 1243 2918 Home·

78 2951 126 2986 rus
145 2931 228 2985 huius
246 2931 321 2985 modi
339 2931 470 3002 quiddam
488 2931 588 2986 vidisse
605 2931 722 2986 vrdetur.
759 2932 864 2986 desen.
885 2937 925 2994 19,
946 2937 976 2986 11
1002 2937 1043 2994 ut,
1062 2949 1115 3002 quo
1133 2950 1181 3002 pro
1201 2931 1244 2985 ius

79 3001 115 3055 ad
135 3002 251 3054 mortem
269 3000 413 3062 accedam,
441 3001 520 3070 quasi
538 3005 639 3055 terram
657 3001 749 3056 videre
767 3001 867 3054 videar.
903 3002 955 3055 Die
973 2999 1159 3071 gewdhnliche
1177 2949 1243 3053 dte]-

78 3071 149 3139 lung
165 3067 203 3122 ist
222 3068 264 3122 die
282 3068 476 3138 umgehehrte:
507 3070 585 3123 Tusa.
604 3069 619 3122 I
638 3073 678 3132 18,
697 3073 731 3122 12
750 3071 782 3122 ut
799 3069 974 3138 potissimum
992 3069 1078 3122 videri
1095 3068 1175 3123 video
1193 3069 1243 3122 Pa·

79 3131 181 3193 uaetid.
199 3137 244 3191 III
261 3141 302 3201 32,
322 3139 354 3190 11
374 3142 401 3192 11
420 3141 512 3192 tamen
530 3155 585 3191 non
604 3137 672 3191 satis
690 3136 759 3191 mihi
776 3137 886 3191 videtur
903 3136 1003 3190 vidisse
1020 3137 1071 3190 hoc
1090 3135 1244 3191 Cleanthes.

80 3206 260 3276 caedeque
277 3206 350 3276 ipsa
371 3235 400 3245 -
420 3209 503 3276 puto
523 3225 543 3260 s.
562 3225 597 3260 zu
614 3205 629 3259 Ι
649 3209 689 3268 12,
708 3209 749 3258 42.
950 3245 953 3251 .

151 3275 181 3329 5.
218 3273 416 3340 Quoniami
447 3275 518 3328 itur
537 3273 805 3344 aliquidomnes
828 3272 910 3326 nitml.
930 3271 1055 3326 diximus.
1162 3270 1245 3341 quid

79 3343 211 3398 hucine
231 3347 351 3399 noster
368 3295 451 3398 nand.
470 3343 546 3398 dicit.
599 3342 862 3404 Demosthenes,
881 3339 928 3421 der
945 3343 1053 3420 grdsste
1070 3337 1179 3421 ¹Redner
1197 3338 1245 3392 der

80 3413 232 3476 Griechen,
260 3413 321 3484 geb.
354 3416 402 3466 381
431 3431 456 3465 v.
475 3411 558 3474 dha,
585 3412 714 3467 beriihmt
745 3410 830 3465 durch
861 3426 934 3464 seme
962 3407 1161 3480 phihpprschen
1188 3407 1244 3460 und

80 3481 272 3553 olynthischen
290 3481 401 3544 Redon,
429 3481 528 3536 erlebte
545 3501 580 3536 zu
597 3481 698 3535 seinem
716 3483 843 3551 grdssten
862 3478 990 3532 Schmerz
1014 3476 1067 3531 den
1083 3477 1246 3546 Untergang

81 3551 130 3604 der
147 3550 336 3620 griechischen
353 3549 474 3605 Freiheit
491 3549 548 3604 und
574 3549 628 3621 gab
657 3549 714 3603 sich
742 3549 793 3603 auf
816 3547 864 3602 der
889 3545 962 3601 Insel
980 3545 1106 3600 Calauria
1125 3547 1174 3598 322
1194 3543 1246 3598 den

80 3618 142 3673 'lod
160 3617 248 3674 durch
265 3619 335 3674 Gift.
410 3619 596 3673 Aeschines
614 3617 674 3689 geb.
694 3621 744 3671 389
763 3637 797 3671 zu
814 3615 914 3680 Athen,
933 3615 1063 3670 berdhmt
1080 3614 1120 3668 als
1138 3611 1246 3694 Redner
1284 3633 1286 3638 ·

81 3687 141 3743 und
158 3687 266 3743 Fithrer
284 3688 332 3744 der
350 3687 575 3742 macedonischen
592 3686 693 3750 Partei‚
712 3685 788 3740 starh
807 3686 859 3740 auf
867 3685 963 3738 Samos
981 3687 1040 3737 314.
1077 3699 1137 3736 suo
1156 3701 1246 3738 enrm

81 3757 229 3838 quisque
248 3756 373 3838 studio.
408 3756 460 3836 Die
478 3756 601 3837 besseren
619 3755 738 3835 Hdschr.
757 3754 848 3836 hieten
866 3752 971 3834 11111111ι
995 3769 1045 3806 suc
1074 3751 1148 3807 enim
1174 3769 1245 3832 unus

81 3825 491 3949 lttlttllttttdtl
502 3821 1052 3948 1l⁰¹ltll¹³tltttltttlltl·a
1072 3838 1247 3969 erzslltll

82 3963 131 4018 der
149 3962 374 4027 Beharrlichkeit,
393 3962 446 4016 mit
463 3962 510 4017 der
528 3979 556 4017 er
574 3962 624 4016 alle
641 3960 881 4031 Schwieriglreiten
898 3957 1083 4014 dberwunden
1102 3958 1184 4021 habe,
1203 3955 1247 4012 dre

82 4033 144 4087 ihm
162 4033 278 4102 anfangs
296 4051 350 4087 von
369 4031 469 4086 seinem
488 4029 702 4086 schwtchlichen
719 4029 827 4101 Kdrper
845 4027 903 4083 und
920 4046 974 4083 von
1001 4026 1103 4082 seinem
1129 4024 1246 4106 mangel-

82 4101 180 4156 haften
198 4101 291 4171 Organ
309 4099 549 4171 entgegeugestellt
566 4099 675 4155 worden
693 4099 773 4152 scien.
861 4114 1073 4168 quacumque
1092 4094 1178 4150 enim
1196 4111 1246 4174 rn-

83 4171 260 4240 gradimur
277 4173 328 4224 eto.
356 4168 454 4223 ‘wohin
472 4169 521 4224 wir
539 4169 609 4223 auch
627 4169 679 4223 den
696 4169 767 4222 Fuss
791 4170 898 4229 setzen,
925 4166 1022 4220 immer
1049 4165 1171 4219 betreten
1198 4179 1247 4217 1111

84 4240 144 4295 eine
162 4239 310 4295 historisch
328 4237 528 4308 merkwiirdige
546 4238 642 4303 Stelle’,
660 4237 689 4291 N
690 4234 793 4307 tigelsb.
812 4239 854 4299 48,
872 4239 897 4289 2.
1239 4299 1245 4311 .

155 4308 186 4362 θ.
223 4307 264 4362 re
283 4311 398 4362 autem
415 4306 595 4361 hortamur
611 4310 740 4370 omnes,
760 4307 955 4360 currentem
973 4300 1122 4372 quidem:
1141 4299 1248 4354 hortarr
1275 4325 1276 4328 ¹
