3024 4938
240 326 281 388 44
473 323 523 378 DE
541 323 693 378 nmmos
712 323 896 378 BONORUM
914 322 962 377 ET
980 319 1170 376 MALORUM

240 495 420 559 amicorum
442 493 534 576 paria
555 493 780 576 reperiuntur,
810 500 847 556 ut
878 492 919 556 ad
944 493 1099 557 Orestem
1127 491 1300 574 pervenias
1328 515 1410 575 pro-

243 599 350 663 l'ectus
374 620 393 660 a
415 597 555 660 Theseo,
586 598 635 660 At
657 619 734 660 vero
750 598 912 682 Epicurus
936 619 1000 660 una
1023 595 1057 659 in
1081 595 1189 672 domo,
1215 602 1249 658 et
1273 617 1310 660 ea
1333 597 1406 679 qui·

242 701 316 766 dem
339 707 496 783 angusta,
522 721 621 783 quam
643 721 782 782 magnos
806 706 994 784 quantaque
1017 698 1137 763 amoris
1162 698 1406 780 conspiratione

242 803 489 868 consentientes
512 802 624 866 tenuit
647 802 824 867 amicorum
848 803 988 887 greges!
1020 803 1109 886 quod
1131 802 1170 865 fit
1193 802 1295 866 etiam
1316 824 1406 866 nunc

242 907 282 971 ab
299 905 481 992 Epicureis.
528 905 596 969 Sed
612 905 653 970 ed
675 927 744 970 rem
759 907 948 978 redeamus:
974 905 1014 970 de
1038 905 1227 970 hominibus
1251 904 1316 970 dici
1338 928 1408 970 non

242 1031 379 1076 neccsse
395 1014 458 1074 est.
484 1007 548 1092 (66)
572 1008 691 1072 Tribus
713 1009 817 1093 igitur
839 1010 946 1074 modis
970 1009 1065 1074 video
1090 1030 1161 1073 esse
1184 1032 1203 1072 a
1225 1009 1348 1073 nostris
1367 1009 1407 1073 de

241 1113 385 1178 amicitia
402 1112 619 1196 disputatum.
644 1111 726 1191 Alii,
751 1133 826 1176 oum
849 1134 903 1176 eas
927 1113 1129 1195 voluptates,
1154 1133 1237 1195 quoe
1261 1110 1303 1175 ad
1326 1111 1411 1176 ami-

242 1239 299 1280 cos
321 1215 539 1300 pertinerent,
563 1221 726 1298 negarent
750 1235 822 1278 esse
845 1235 904 1298 per
927 1235 962 1278 se
985 1214 1074 1298 ipsas
1097 1220 1167 1278 tam
1191 1213 1405 1299 expetendae,

243 1342 341 1404 quam
362 1323 494 1381 nostres
517 1326 764 1402 expeteremus:
790 1339 854 1401 qno
877 1318 951 1382 loco
975 1318 1109 1382 videtur
1124 1315 1322 1401 quibusdam
1339 1323 1408 1380 sta·

241 1421 357 1485 bilitas
380 1419 543 1484 amicitiae
566 1420 738 1499 vacillare,
771 1426 910 1484 tuentur
931 1425 1044 1485 tamen
1068 1441 1143 1483 eum
1165 1419 1277 1482 locum
1305 1439 1409 1500 seque

242 1523 361 1602 facile,
393 1529 433 1586 66
463 1523 545 1588 mihi
568 1523 719 1602 videtur,
750 1524 942 1608 expediunt.
988 1523 1037 1586 Ut
1060 1523 1147 1588 enim
1169 1521 1330 1598 virtutes,
1367 1521 1408 1584 de

243 1628 362 1712 quibus
386 1630 462 1691 ante
486 1625 613 1690 dictum
636 1633 699 1704 666,
724 1626 772 1690 sic
796 1626 977 1691 amicitiam
999 1633 1126 1710 negant
1149 1645 1245 1710 posse
1270 1647 1288 1688 6
1310 1625 1406 1687 volu-

243 1735 336 1814 ptate
361 1727 542 1792 discedere.
587 1727 677 1792 Nam
699 1748 774 1792 cum
797 1729 944 1792 solitudo
969 1733 1003 1792 et
1024 1727 1095 1791 vita
1118 1727 1189 1791 sine
1219 1725 1331 1790 amicis
1355 1726 1414 1788 in·-

244 1831 401 1898 sidiarum
424 1834 459 1894 et
480 1836 590 1894 metus
613 1830 712 1914 plena
734 1831 788 1909 sit,
814 1831 897 1895 ratio
920 1831 992 1916 ipsa
1013 1838 1128 1896 monet
1144 1828 1303 1894 amicitias
1320 1849 1408 1892 oom-

244 1956 368 2020 parare,
394 1935 514 2018 quibus
538 1933 641 2018 partis
665 1935 879 1999 confirmatur
901 1935 1030 1998 animus
1054 1943 1089 1998 et
1112 1957 1132 1997 a
1154 1955 1212 2017 spe
1235 1931 1409 2016 parienda·
1497 2017 1498 2024 ἵ

244 2061 315 2103 rum
345 2037 557 2121 voluptatum
589 2037 719 2121 seiungi
750 2060 817 2100 non
847 2044 972 2122 potest.
1020 2036 1082 2120 (67)
1106 2039 1218 2119 Atque
1250 2043 1289 2099 ut
1320 2035 1407 2112 odia,
1497 2033 1498 2106 i

244 2139 400 2218 invidiae,
419 2139 663 2223 despicationes
680 2139 899 2204 adversantur
914 2137 1156 2224 voluptatibus,
1181 2137 1228 2202 sic
1244 2135 1411 2202 amicitiae

245 2266 310 2307 non
334 2242 432 2307 modo
456 2241 614 2306 fautrices
637 2241 869 2322 fidelissimae,
903 2241 961 2306 sed
991 2241 1092 2305 etiam
1115 2241 1298 2307 effectrices
1330 2247 1411 2302 sunt

246 2348 459 2430 voluptatum
481 2351 550 2407 tam
575 2343 689 2407 amicis
713 2367 810 2426 quam
834 2344 918 2423 sibi,
953 2343 1072 2428 quibus
1095 2366 1161 2407 non
1185 2344 1292 2407 solum
1316 2362 1409 2425 prae·

247 2566 362 2602 corum
380 2547 489 2617 paria:
510 2547 542 2601 de
560 2547 639 2601 amic.
658 2552 682 2610 4,
702 2551 733 2600 15
752 2566 783 2600 ex
801 2547 928 2601 omnibus
947 2547 1059 2602 saeculis
1076 2546 1122 2600 vix
1139 2547 1194 2601 tria
1212 2551 1261 2600 aut
1279 2549 1416 2615 quattuor·

246 2615 425 2697 nominantur
442 2616 519 2686 paria
537 2616 695 2697 amicorum.
733 2616 823 2670 Schon
840 2615 879 2696 im
896 2616 1055 2670 Alt0rthum
1074 2633 1129 2669 war
1147 2614 1190 2669 die
1207 2613 1414 2672 Freundschaft
1496 2639 1497 2668 .

246 2684 381 2740 zwrschen
399 2684 518 2738 Theseus
536 2684 594 2739 und
611 2684 761 2748 Pmthous‚
779 2683 898 2739 Achilles
915 2685 973 2739 und
985 2684 1136 2747 Patroclus,
1154 2683 1264 2738 Orestes
1282 2682 1339 2736 und
1357 2683 1410 2752 Py·
1496 2701 1497 2728 l

246 2753 334 2817 ledes,
362 2753 470 2807 Damon
497 2752 553 2807 und
580 2751 710 2808 Phintias
735 2752 897 2808 vorbildlich
923 2753 980 2808 und
1006 2752 1232 2823 spriichwdrtlich
1258 2751 1409 2822 geworden.

246 2840 312 2876 666
330 2822 365 2875 in
383 2820 489 2876 domo.
524 2822 627 2892 Epicur
643 2823 799 2877 vermachte
816 2822 908 2876 seinen
926 2822 1057 2877 Sohiilern
1075 2821 1127 2876 den
1149 2840 1204 2876 von
1226 2821 1286 2875 ihm
1312 2821 1359 2880 fiir
1377 2823 1410 2874 80

246 2891 341 2946 Minen
360 2893 440 2956 (1800
458 2889 544 2958 Thlr.)
563 2891 750 2960 angekanfteu
767 2891 870 2946 Gar-ten
888 2909 923 2944 zu
940 2891 1046 2955 Athen,
1065 2891 1094 2945 in
1112 2891 1239 2947 welchem
1258 2907 1287 2944 er
1303 2890 1343 2943 sie
1361 2908 1412 2944 un·

247 2960 411 3022 terrichteta
430 2958 486 3012 und
505 2977 539 3013 au
556 2959 663 3014 Ciceros
682 2960 742 3014 Zeit
758 2958 949 3014 verhinderteu
961 2959 1090 3014 Phddrus
1106 2958 1164 3014 und
1181 2960 1265 3014 Patro
1283 2957 1328 3013 die
1345 2958 1413 3012 Ven-

247 3033 399 3098 tiussernng
417 3027 564 3083 desselben.
583 3028 644 3083 Von
662 3028 763 3083 diesem
781 3028 885 3082 Garten
903 3028 1009 3083 hcissen
1027 3027 1071 3083 die
1088 3029 1234 3099 Epicureer
1251 3027 1321 3082 auch
1339 3025 1411 3082 wohl

249 3101 280 3153 οἱ
295 3097 427 3177 «induor
446 3097 554 3153 κ’πων.
609 3098 797 3152 amicornm
840 3114 940 3168 reges
957 3098 987 3152 in
1005 3101 1100 3169 gutem
1118 3097 1201 3152 Sinne
1218 3115 1267 3151 zur
1284 3096 1408 3176 Barnich-

247 3184 323 3236 nung
341 3183 414 3220 emer
440 3183 472 3220 66
492 3165 611 3220 lreichen
637 3165 753 3247 Mengs:
790 3115 834 3220 ad
843 3167 903 3220 Att.
922 3167 937 3220 1
957 3171 996 3230 18,
1016 3173 1029 3220 1
1049 3166 1147 3237 stipati
1164 3165 1293 3238 gregibus
1311 3181 1409 3219 amuco·

246 3235 507 3426 {initulbif‘bff
521 3233 982 3358 tls⁴tlt¹¹⁰lt¹²¹¹t¹tttttt
994 3253 1086 3358 tlt·
1103 3235 1189 3358 tlt
1202 3236 1357 3363 tttllt
1369 3237 1409 3354 ⁸1⁹6

266 3391 293 3428 es
313 3377 452 3427 erutorum
480 3373 625 3428 hominum
654 3373 788 3442 flagitiosi
817 3390 922 3443 greges.
964 3377 1010 3436 10,
1028 3377 1070 3428 23.
1105 3391 1132 3443 p.
1150 3372 1239 3427 Sestio
1258 3375 1287 3435 8,
1307 3375 1348 3424 18.
1382 3389 1408 3440 p.
1495 3391 1496 3436 p

316 3508 367 3563 66.
402 3509 484 3564 Alii.
520 3509 574 3566 Die
592 3513 664 3565 erste
691 3509 738 3564 der
765 3509 822 3564 drei
849 3509 1002 3564 Ansichten
1028 3509 1076 3564 der
1101 3509 1246 3579 Epicureer
1271 3507 1341 3563 iiber
1366 3507 1409 3560 die

247 3577 466 3643 Ereundschaft3
493 3575 537 3632 die
558 3579 651 3633 aweite
668 3579 739 3649 folgt
757 3581 771 3642 6
790 3582 823 3632 69
842 3578 914 3633 Sunt
931 3581 1023 3633 autem
1041 3577 1162 3647 quidam,
1181 3577 1224 3632 die
1242 3575 1327 3632 dritta
1345 3579 1358 3642 §
1378 3579 1412 3628 66

247 3648 319 3701 Sunt
337 3650 429 3700 autom
446 3646 495 3716 qui
512 3645 614 3702 dicant.
648 3646 700 3702 Die
719 3652 788 3701 erste
811 3647 851 3701 ist
876 3665 929 3701 von
955 3647 1059 3718 Epicur
1085 3646 1168 3701 selbst
1195 3649 1228 3712 (6.
1246 3645 1276 3700 Π
1294 3649 1336 3708 26,
1355 3646 1409 3710 62),

247 3715 291 3770 die
314 3714 410 3770 beiden
440 3714 558 3770 anderen
587 3715 650 3770 sind
678 3733 733 3771 von
762 3719 886 3770 sitteren
917 3716 1081 3786 Epicureern
1107 3714 1264 3785 anlgestellt
1292 3713 1408 3769 worden

246 3800 309 3853 qno
327 3783 401 3837 loco
420 3813 452 3822 -
470 3783 642 3838 vacillare.
673 3783 768 3839 Dieser
813 3782 1409 3840 6166666666666661666666666666666066-

247 3851 363 3906 6666666
381 3851 437 3905 'etsi
453 3851 573 3907 hocloco
586 3881 628 3916 -,
646 3851 758 3908 welcher
775 3853 850 3908 daun
868 3853 907 3908 ela
925 3853 1065 3908 Nachsatz
1083 3853 1166 3923 folgt:
1185 3856 1301 3907 tuentur
1318 3855 1411 3906 tamen

247 3939 310 3976 eum
327 3919 427 3974 locum.
496 3924 611 3976 monet
629 3920 807 3978 amicitias
825 3940 1039 3993 comparare,
1057 3921 1103 3976 ΠΙ
1122 3925 1162 3987 17,
1175 3925 1208 3976 68
1227 3925 1259 3976 66
1276 3920 1348 3976 ratio
1365 3935 1409 3990 po·

248 3988 332 4044 stulet
349 4006 428 4060 agere
446 3987 548 4058 aliquid
567 3993 594 4044 et
612 3989 699 4044 facem
717 4009 818 4046 eorum.
837 3991 939 4062 Zumpt
957 3994 970 4058 5
990 3995 1048 4045 616.
1494 4033 1495 4036 ¹

316 4057 363 4112 dl·
399 4058 513 4128 Atque
530 4063 573 4112 ut
592 4088 622 4098 -
642 4059 691 4113 sic
710 4078 731 4114 s.
749 4079 784 4114 ru
801 4078 824 4114 c.
843 4063 884 4124 15,
903 4065 946 4115 49.
999 4058 1256 4132 despicationes
1275 4057 1411 4112 ‘'edeArl
1494 4087 1495 4116 l

246 4146 300 4182 von
319 4127 498 4208 Verachtung
515 4126 630 4208 andrer'3
649 4127 798 4199 despicatio
816 4129 855 4184 ist
873 4127 916 4183 ein
936 4129 984 4186 66.
1003 4133 1061 4206 leq.
1133 4146 1231 4198 qnam
1249 4077 1326 4182 sibi.
1360 4123 1411 4178 Die

246 4196 421 4252 Pronomma
439 4215 483 4250 su1
500 4195 554 4252 srbi
572 4215 600 4251 se
618 4195 675 4250 und
694 4216 759 4252 suns
777 4197 873 4252 666666
891 4199 944 4253 mit
961 4197 1018 4252 666
1036 4198 1107 4253 ohne
1132 4197 1189 4267 ipsc
1213 4196 1284 4250 ohne
1306 4193 1410 4249 vorher·

245 4265 385 4388 fiehendes
405 4265 531 4335 subject:
562 4264 595 4320 de
612 4268 670 4320 nat.
689 4265 761 4320 deor.
778 4267 825 4321 III
842 4270 884 4330 36,
902 4271 936 4321 88
953 4267 1086 4322 iudicium
1102 4267 1154 4320 hoc
1172 4265 1295 4320 omnium
1312 4265 1413 4318 morta·

267 4353 315 4390 um
332 4339 383 4397 est,
401 4334 542 4389 fortunam
560 4353 576 4388 a
594 4333 643 4389 deo
661 4335 816 4404 petendam,
834 4353 852 4389 a
869 4353 899 4390 se
917 4335 976 4406 ipso
995 4335 1155 4390 sumendam
1173 4331 1409 4402 messapientiam.
