<?xml version="1.0" encoding="UTF-8"?>
<!DOCTYPE html PUBLIC "-//W3C//DTD XHTML 1.0 Transitional//EN"
    "http://www.w3.org/TR/xhtml1/DTD/xhtml1-transitional.dtd">
<html xmlns="http://www.w3.org/1999/xhtml" xml:lang="en" lang="en">
 <head>
  <title>
</title>
<meta http-equiv="Content-Type" content="text/html;charset=utf-8" />
  <meta name='ocr-system' content='tesseract 3.04.00' />
  <meta name='ocr-capabilities' content='ocr_page ocr_carea ocr_par ocr_line ocrx_word'/>
</head>
<body>
  <div class='ocr_page' id='page_1' title='image "./definibusbonoru00holsgoog_0208.png"; bbox 0 0 2942 4950; ppageno 0'>
   <div class='ocr_carea' id='block_1_1' title="bbox 212 361 1142 434">
    <p class='ocr_par' dir='ltr' id='par_1_1' title="bbox 212 361 1142 434">
     <span class='ocr_line' id='line_1_1' title="bbox 212 361 1142 434; baseline -0.019 0"><span class='ocrx_word' id='word_1_1' title='bbox 212 370 274 434; x_wconf 88' lang='grc'><strong>184</strong></span> <span class='ocrx_word' id='word_1_2' title='bbox 448 366 499 422; x_wconf 83' lang='lat' dir='ltr'><strong>Dll</strong></span> <span class='ocrx_word' id='word_1_3' title='bbox 516 364 668 421; x_wconf 75' lang='lat' dir='ltr'><strong>smnus</strong></span> <span class='ocrx_word' id='word_1_4' title='bbox 685 363 871 420; x_wconf 83' lang='lat' dir='ltr'>BONORUM</span> <span class='ocrx_word' id='word_1_5' title='bbox 888 363 938 418; x_wconf 73' lang='lat' dir='ltr'><strong>ss</strong></span> <span class='ocrx_word' id='word_1_6' title='bbox 954 361 1142 418; x_wconf 73' lang='lat' dir='ltr'>MALORUM</span> 
     </span>
    </p>
   </div>
   <div class='ocr_carea' id='block_1_2' title="bbox 210 529 1461 2368">
    <p class='ocr_par' dir='ltr' id='par_1_2' title="bbox 210 529 1459 1833">
     <span class='ocr_line' id='line_1_2' title="bbox 210 529 1376 621; baseline -0.009 -18"><span class='ocrx_word' id='word_1_7' title='bbox 210 559 301 604; x_wconf 88' lang='lat' dir='ltr'><strong>more</strong></span> <span class='ocrx_word' id='word_1_8' title='bbox 316 537 352 601; x_wconf 88' lang='lat' dir='ltr'><strong>in</strong></span> <span class='ocrx_word' id='word_1_9' title='bbox 373 536 445 606; x_wconf 82' lang='lat' dir='ltr'><strong>foro</strong></span> <span class='ocrx_word' id='word_1_10' title='bbox 469 536 627 621; x_wconf 86' lang='lat' dir='ltr'><strong>loquitur,</strong></span> <span class='ocrx_word' id='word_1_11' title='bbox 651 536 685 600; x_wconf 90' lang='lat' dir='ltr'><strong>in</strong></span> <span class='ocrx_word' id='word_1_12' title='bbox 707 532 831 600; x_wconf 80' lang='lat' dir='ltr'><strong>libellis</strong></span> <span class='ocrx_word' id='word_1_13' title='bbox 851 534 931 597; x_wconf 82' lang='lat' dir='ltr'><strong>suo?</strong></span> <span class='ocrx_word' id='word_1_14' title='bbox 955 532 1150 617; x_wconf 83' lang='lat' dir='ltr'><strong>praesertim</strong></span> <span class='ocrx_word' id='word_1_15' title='bbox 1174 553 1260 609; x_wconf 90' lang='lat' dir='ltr'><strong>cum,</strong></span> <span class='ocrx_word' id='word_1_16' title='bbox 1284 529 1376 614; x_wconf 83' lang='lat' dir='ltr'><strong>quod</strong></span> 
     </span>
     <span class='ocr_line' id='line_1_3' title="bbox 210 633 1374 723; baseline -0.009 -17"><span class='ocrx_word' id='word_1_17' title='bbox 210 640 262 706; x_wconf 91' lang='lat' dir='ltr'><strong>illi</strong></span> <span class='ocrx_word' id='word_1_18' title='bbox 285 639 352 705; x_wconf 85' lang='lat' dir='ltr'><strong>suis</strong></span> <span class='ocrx_word' id='word_1_19' title='bbox 376 638 485 704; x_wconf 83' lang='lat' dir='ltr'><strong>verbis</strong></span> <span class='ocrx_word' id='word_1_20' title='bbox 509 638 719 723; x_wconf 85' lang='lat' dir='ltr'><strong>significant,</strong></span> <span class='ocrx_word' id='word_1_21' title='bbox 744 637 779 701; x_wconf 91' lang='lat' dir='ltr'><strong>in</strong></span> <span class='ocrx_word' id='word_1_22' title='bbox 803 657 840 700; x_wconf 93' lang='lat' dir='ltr'><strong>eo</strong></span> <span class='ocrx_word' id='word_1_23' title='bbox 863 634 947 699; x_wconf 92' lang='lat' dir='ltr'><strong>nihil</strong></span> <span class='ocrx_word' id='word_1_24' title='bbox 970 641 1130 713; x_wconf 85' lang='lat' dir='ltr'><strong>novetur,</strong></span> <span class='ocrx_word' id='word_1_25' title='bbox 1164 633 1297 698; x_wconf 84' lang='lat' dir='ltr'><strong>eaedem</strong></span> <span class='ocrx_word' id='word_1_26' title='bbox 1317 653 1374 696; x_wconf 91' lang='lat' dir='ltr'><strong>res</strong></span> 
     </span>
     <span class='ocr_line' id='line_1_4' title="bbox 210 735 1372 822; baseline -0.008 -14"><span class='ocrx_word' id='word_1_27' title='bbox 210 749 368 808; x_wconf 83' lang='lat' dir='ltr'><strong>maneant</strong></span> <span class='ocrx_word' id='word_1_28' title='bbox 391 741 456 806; x_wconf 88' lang='lat' dir='ltr'><strong>alio</strong></span> <span class='ocrx_word' id='word_1_29' title='bbox 479 741 591 805; x_wconf 89' lang='lat' dir='ltr'><strong>modo.</strong></span> <span class='ocrx_word' id='word_1_30' title='bbox 622 738 687 822; x_wconf 79' lang='grc'><strong>(23)</strong></span> <span class='ocrx_word' id='word_1_31' title='bbox 712 738 803 803; x_wconf 74' lang='lat' dir='ltr'><strong>Quid</strong></span> <span class='ocrx_word' id='word_1_32' title='bbox 825 737 912 802; x_wconf 91' lang='lat' dir='ltr'><strong>enim</strong></span> <span class='ocrx_word' id='word_1_33' title='bbox 934 736 1086 815; x_wconf 86' lang='lat' dir='ltr'><strong>interest,</strong></span> <span class='ocrx_word' id='word_1_34' title='bbox 1112 735 1256 813; x_wconf 82' lang='lat' dir='ltr'><strong>divitias,</strong></span> <span class='ocrx_word' id='word_1_35' title='bbox 1281 753 1372 819; x_wconf 85' lang='lat' dir='ltr'><strong>opes,</strong></span> 
     </span>
     <span class='ocr_line' id='line_1_5' title="bbox 211 836 1457 926; baseline -0.01 -15"><span class='ocrx_word' id='word_1_36' title='bbox 211 844 437 910; x_wconf 79' lang='lat' dir='ltr'><strong>valetudinem</strong></span> <span class='ocrx_word' id='word_1_37' title='bbox 460 843 548 907; x_wconf 87' lang='lat' dir='ltr'><strong>bona</strong></span> <span class='ocrx_word' id='word_1_38' title='bbox 569 842 662 907; x_wconf 90' lang='lat' dir='ltr'><strong>dicas</strong></span> <span class='ocrx_word' id='word_1_39' title='bbox 685 863 770 906; x_wconf 88' lang='lat' dir='ltr'><strong>aune</strong></span> <span class='ocrx_word' id='word_1_40' title='bbox 792 839 998 926; x_wconf 86' lang='lat' dir='ltr'><strong>praeposita,</strong></span> <span class='ocrx_word' id='word_1_41' title='bbox 1029 860 1104 902; x_wconf 88' lang='lat' dir='ltr'><strong>cum</strong></span> <span class='ocrx_word' id='word_1_42' title='bbox 1126 838 1184 903; x_wconf 84' lang='lat' dir='ltr'><strong>ille</strong></span> <span class='ocrx_word' id='word_1_43' title='bbox 1195 887 1204 918; x_wconf 98' lang='lat'><strong>,</strong></span> <span class='ocrx_word' id='word_1_44' title='bbox 1231 836 1287 921; x_wconf 91' lang='lat' dir='ltr'><strong>qui</strong></span> <span class='ocrx_word' id='word_1_45' title='bbox 1307 837 1376 900; x_wconf 80' lang='lat' dir='ltr'><strong>ists</strong></span> <span class='ocrx_word' id='word_1_46' title='bbox 1456 881 1457 884; x_wconf 18' lang='grc' dir='ltr'><strong>κ</strong></span> 
     </span>
     <span class='ocr_line' id='line_1_6' title="bbox 211 937 1376 1028; baseline -0.01 -15"><span class='ocrx_word' id='word_1_47' title='bbox 211 951 299 1013; x_wconf 85' lang='lat' dir='ltr'><strong>bona</strong></span> <span class='ocrx_word' id='word_1_48' title='bbox 323 947 422 1027; x_wconf 91' lang='lat' dir='ltr'><strong>dicit,</strong></span> <span class='ocrx_word' id='word_1_49' title='bbox 447 945 552 1010; x_wconf 88' lang='lat' dir='ltr'><strong>nihilo</strong></span> <span class='ocrx_word' id='word_1_50' title='bbox 575 945 651 1028; x_wconf 86' lang='lat' dir='ltr'><strong>plus</strong></span> <span class='ocrx_word' id='word_1_51' title='bbox 674 943 715 1008; x_wconf 89' lang='lat' dir='ltr'><strong>iis</strong></span> <span class='ocrx_word' id='word_1_52' title='bbox 736 943 864 1008; x_wconf 88' lang='lat' dir='ltr'><strong>tribuat</strong></span> <span class='ocrx_word' id='word_1_53' title='bbox 886 965 986 1027; x_wconf 86' lang='lat' dir='ltr'><strong>quam</strong></span> <span class='ocrx_word' id='word_1_54' title='bbox 1007 946 1065 1020; x_wconf 88' lang='lat' dir='ltr'><strong>tu,</strong></span> <span class='ocrx_word' id='word_1_55' title='bbox 1100 942 1156 1025; x_wconf 91' lang='lat' dir='ltr'><strong>qui</strong></span> <span class='ocrx_word' id='word_1_56' title='bbox 1179 940 1293 1005; x_wconf 85' lang='lat' dir='ltr'><strong>eadem</strong></span> <span class='ocrx_word' id='word_1_57' title='bbox 1315 937 1376 1002; x_wconf 86' lang='lat' dir='ltr'><strong>illa</strong></span> 
     </span>
     <span class='ocr_line' id='line_1_7' title="bbox 211 1044 1458 1137; baseline -0.01 -21"><span class='ocrx_word' id='word_1_58' title='bbox 211 1051 402 1137; x_wconf 83' lang='lat' dir='ltr'><strong>praeposite</strong></span> <span class='ocrx_word' id='word_1_59' title='bbox 433 1048 605 1116; x_wconf 83' lang='lat' dir='ltr'><strong>nominas?</strong></span> <span class='ocrx_word' id='word_1_60' title='bbox 649 1048 768 1130; x_wconf 85' lang='lat' dir='ltr'><strong>Itaque</strong></span> <span class='ocrx_word' id='word_1_61' title='bbox 800 1049 900 1111; x_wconf 90' lang='lat' dir='ltr'><strong>homo</strong></span> <span class='ocrx_word' id='word_1_62' title='bbox 932 1046 966 1110; x_wconf 91' lang='lat' dir='ltr'><strong>in</strong></span> <span class='ocrx_word' id='word_1_63' title='bbox 997 1044 1111 1131; x_wconf 89' lang='lat' dir='ltr'><strong>primis</strong></span> <span class='ocrx_word' id='word_1_64' title='bbox 1144 1044 1309 1128; x_wconf 85' lang='lat' dir='ltr'><strong>ingenuus</strong></span> <span class='ocrx_word' id='word_1_65' title='bbox 1340 1047 1376 1106; x_wconf 88' lang='lat' dir='ltr'><strong>et</strong></span> <span class='ocrx_word' id='word_1_66' title='bbox 1457 1059 1458 1062; x_wconf 72' lang='grc'>’</span> 
     </span>
     <span class='ocr_line' id='line_1_8' title="bbox 211 1147 1378 1240; baseline -0.009 -20"><span class='ocrx_word' id='word_1_67' title='bbox 211 1154 323 1240; x_wconf 85' lang='lat' dir='ltr'><strong>gravis</strong></span> <span class='ocrx_word' id='word_1_68' title='bbox 333 1204 343 1235; x_wconf 93' lang='lat'><strong>,</strong></span> <span class='ocrx_word' id='word_1_69' title='bbox 368 1152 489 1236; x_wconf 83' lang='lat' dir='ltr'><strong>dignus</strong></span> <span class='ocrx_word' id='word_1_70' title='bbox 512 1151 570 1215; x_wconf 85' lang='lat' dir='ltr'><strong>illa</strong></span> <span class='ocrx_word' id='word_1_71' title='bbox 592 1149 818 1214; x_wconf 83' lang='lat' dir='ltr'><strong>familiaritate</strong></span> <span class='ocrx_word' id='word_1_72' title='bbox 842 1147 1004 1232; x_wconf 80' lang='lat' dir='ltr'><strong>Scipionis</strong></span> <span class='ocrx_word' id='word_1_73' title='bbox 1029 1156 1063 1212; x_wconf 90' lang='lat' dir='ltr'><strong>et</strong></span> <span class='ocrx_word' id='word_1_74' title='bbox 1090 1147 1215 1226; x_wconf 86' lang='lat' dir='ltr'><strong>Laelii,</strong></span> <span class='ocrx_word' id='word_1_75' title='bbox 1248 1148 1378 1211; x_wconf 81' lang='lat' dir='ltr'><strong>Panae·</strong></span> 
     </span>
     <span class='ocr_line' id='line_1_9' title="bbox 211 1250 1373 1338; baseline -0.006 -18"><span class='ocrx_word' id='word_1_76' title='bbox 211 1258 298 1338; x_wconf 87' lang='lat' dir='ltr'><strong>tius,</strong></span> <span class='ocrx_word' id='word_1_77' title='bbox 333 1277 407 1320; x_wconf 88' lang='lat' dir='ltr'><strong>cum</strong></span> <span class='ocrx_word' id='word_1_78' title='bbox 439 1255 481 1319; x_wconf 84' lang='lat' dir='ltr'><strong>ad</strong></span> <span class='ocrx_word' id='word_1_79' title='bbox 504 1254 546 1320; x_wconf 82' lang='lat' dir='ltr'><strong>Q.</strong></span> <span class='ocrx_word' id='word_1_80' title='bbox 572 1255 780 1318; x_wconf 76' lang='lat' dir='ltr'><strong>Tuberonem</strong></span> <span class='ocrx_word' id='word_1_81' title='bbox 804 1253 844 1317; x_wconf 88' lang='lat' dir='ltr'><strong>de</strong></span> <span class='ocrx_word' id='word_1_82' title='bbox 868 1253 981 1318; x_wconf 87' lang='lat' dir='ltr'><strong>dolore</strong></span> <span class='ocrx_word' id='word_1_83' title='bbox 1013 1251 1169 1338; x_wconf 82' lang='lat' dir='ltr'><strong>patiendo</strong></span> <span class='ocrx_word' id='word_1_84' title='bbox 1202 1250 1373 1328; x_wconf 76' lang='lat' dir='ltr'><strong>scriberet,</strong></span> 
     </span>
     <span class='ocr_line' id='line_1_10' title="bbox 213 1353 1459 1445; baseline -0.003 -21"><span class='ocrx_word' id='word_1_85' title='bbox 213 1360 302 1445; x_wconf 90' lang='lat' dir='ltr'><strong>quod</strong></span> <span class='ocrx_word' id='word_1_86' title='bbox 317 1381 389 1424; x_wconf 89' lang='lat' dir='ltr'><strong>esse</strong></span> <span class='ocrx_word' id='word_1_87' title='bbox 407 1364 507 1443; x_wconf 88' lang='lat' dir='ltr'><strong>capnt</strong></span> <span class='ocrx_word' id='word_1_88' title='bbox 529 1358 687 1435; x_wconf 85' lang='lat' dir='ltr'><strong>debebat,</strong></span> <span class='ocrx_word' id='word_1_89' title='bbox 713 1357 741 1420; x_wconf 86' lang='lat' dir='ltr'><strong>si</strong></span> <span class='ocrx_word' id='word_1_90' title='bbox 764 1357 897 1441; x_wconf 87' lang='lat' dir='ltr'><strong>probari</strong></span> <span class='ocrx_word' id='word_1_91' title='bbox 918 1363 1044 1442; x_wconf 84' lang='lat' dir='ltr'><strong>posset,</strong></span> <span class='ocrx_word' id='word_1_92' title='bbox 1069 1376 1233 1440; x_wconf 79' lang='lat' dir='ltr'><strong>nusquam</strong></span> <span class='ocrx_word' id='word_1_93' title='bbox 1249 1353 1373 1438; x_wconf 90' lang='lat' dir='ltr'><strong>posuit,</strong></span> <span class='ocrx_word' id='word_1_94' title='bbox 1458 1417 1459 1420; x_wconf 74' lang='grc'><strong>,</strong></span> 
     </span>
     <span class='ocr_line' id='line_1_11' title="bbox 212 1458 1459 1543; baseline -0.006 -16"><span class='ocrx_word' id='word_1_95' title='bbox 212 1485 278 1527; x_wconf 93' lang='lat' dir='ltr'><strong>non</strong></span> <span class='ocrx_word' id='word_1_96' title='bbox 295 1482 366 1525; x_wconf 86' lang='lat' dir='ltr'><strong>esse</strong></span> <span class='ocrx_word' id='word_1_97' title='bbox 382 1461 508 1526; x_wconf 85' lang='lat' dir='ltr'><strong>malum</strong></span> <span class='ocrx_word' id='word_1_98' title='bbox 524 1460 683 1538; x_wconf 87' lang='lat' dir='ltr'><strong>dolorem,</strong></span> <span class='ocrx_word' id='word_1_99' title='bbox 709 1459 767 1523; x_wconf 89' lang='lat' dir='ltr'><strong>sed</strong></span> <span class='ocrx_word' id='word_1_100' title='bbox 791 1458 870 1543; x_wconf 88' lang='lat' dir='ltr'><strong>quid</strong></span> <span class='ocrx_word' id='word_1_101' title='bbox 894 1465 983 1523; x_wconf 86' lang='lat' dir='ltr'><strong>esset</strong></span> <span class='ocrx_word' id='word_1_102' title='bbox 1006 1464 1041 1522; x_wconf 88' lang='lat' dir='ltr'><strong>et</strong></span> <span class='ocrx_word' id='word_1_103' title='bbox 1065 1459 1172 1542; x_wconf 83' lang='lat' dir='ltr'><strong>quale,</strong></span> <span class='ocrx_word' id='word_1_104' title='bbox 1198 1463 1375 1542; x_wconf 85' lang='lat' dir='ltr'><strong>quantum·</strong></span> <span class='ocrx_word' id='word_1_105' title='bbox 1458 1489 1459 1530; x_wconf 50' lang='lat' dir='ltr'><strong>r</strong></span> 
     </span>
     <span class='ocr_line' id='line_1_12' title="bbox 213 1557 1459 1648; baseline -0.007 -20"><span class='ocrx_word' id='word_1_106' title='bbox 213 1585 276 1648; x_wconf 89' lang='lat' dir='ltr'><strong>que</strong></span> <span class='ocrx_word' id='word_1_107' title='bbox 299 1563 334 1627; x_wconf 89' lang='lat' dir='ltr'><strong>in</strong></span> <span class='ocrx_word' id='word_1_108' title='bbox 356 1584 395 1627; x_wconf 89' lang='lat' dir='ltr'><strong>eo</strong></span> <span class='ocrx_word' id='word_1_109' title='bbox 419 1568 509 1627; x_wconf 90' lang='lat' dir='ltr'><strong>esset</strong></span> <span class='ocrx_word' id='word_1_110' title='bbox 530 1561 649 1640; x_wconf 90' lang='lat' dir='ltr'><strong>alieni,</strong></span> <span class='ocrx_word' id='word_1_111' title='bbox 684 1560 802 1626; x_wconf 90' lang='lat' dir='ltr'><strong>deinde</strong></span> <span class='ocrx_word' id='word_1_112' title='bbox 826 1582 909 1645; x_wconf 86' lang='lat' dir='ltr'><strong>quae</strong></span> <span class='ocrx_word' id='word_1_113' title='bbox 932 1560 1017 1624; x_wconf 88' lang='lat' dir='ltr'><strong>ratio</strong></span> <span class='ocrx_word' id='word_1_114' title='bbox 1051 1569 1140 1624; x_wconf 86' lang='lat' dir='ltr'><strong>esset</strong></span> <span class='ocrx_word' id='word_1_115' title='bbox 1170 1557 1373 1645; x_wconf 82' lang='lat' dir='ltr'><strong>perferendi:</strong></span> <span class='ocrx_word' id='word_1_116' title='bbox 1458 1593 1459 1596; x_wconf 61' lang='lat'><em>=</em></span> 
     </span>
     <span class='ocr_line' id='line_1_13' title="bbox 214 1663 1373 1749; baseline -0.006 -18"><span class='ocrx_word' id='word_1_117' title='bbox 214 1666 305 1731; x_wconf 89' lang='lat' dir='ltr'><strong>ouius</strong></span> <span class='ocrx_word' id='word_1_118' title='bbox 330 1666 483 1749; x_wconf 89' lang='lat' dir='ltr'><strong>quidem,</strong></span> <span class='ocrx_word' id='word_1_119' title='bbox 508 1665 664 1748; x_wconf 89' lang='lat' dir='ltr'><strong>quoniam</strong></span> <span class='ocrx_word' id='word_1_120' title='bbox 688 1664 821 1728; x_wconf 89' lang='lat' dir='ltr'><strong>Stoicus</strong></span> <span class='ocrx_word' id='word_1_121' title='bbox 845 1663 929 1743; x_wconf 81' lang='lat' dir='ltr'><strong>fuit,</strong></span> <span class='ocrx_word' id='word_1_122' title='bbox 963 1664 1131 1728; x_wconf 85' lang='lat' dir='ltr'><strong>sententia</strong></span> <span class='ocrx_word' id='word_1_123' title='bbox 1155 1663 1373 1728; x_wconf 84' lang='lat' dir='ltr'><strong>condemnata</strong></span> 
     </span>
     <span class='ocr_line' id='line_1_14' title="bbox 213 1766 1010 1833; baseline -0.003 -1"><span class='ocrx_word' id='word_1_124' title='bbox 213 1769 295 1833; x_wconf 91' lang='lat' dir='ltr'><strong>mihi</strong></span> <span class='ocrx_word' id='word_1_125' title='bbox 317 1767 449 1832; x_wconf 82' lang='lat' dir='ltr'><strong>videtur</strong></span> <span class='ocrx_word' id='word_1_126' title='bbox 472 1789 545 1832; x_wconf 89' lang='lat' dir='ltr'><strong>esse</strong></span> <span class='ocrx_word' id='word_1_127' title='bbox 568 1767 713 1832; x_wconf 83' lang='lat' dir='ltr'><strong>inanitas</strong></span> <span class='ocrx_word' id='word_1_128' title='bbox 736 1767 800 1830; x_wconf 85' lang='lat' dir='ltr'><strong>ista</strong></span> <span class='ocrx_word' id='word_1_129' title='bbox 823 1766 1010 1831; x_wconf 77' lang='lat' dir='ltr'><strong>verborum.</strong></span> 
     </span>
    </p>

    <p class='ocr_par' dir='ltr' id='par_1_3' title="bbox 213 1869 1461 2368">
     <span class='ocr_line' id='line_1_15' title="bbox 300 1869 1375 1955; baseline -0.006 -19"><span class='ocrx_word' id='word_1_130' title='bbox 300 1873 344 1936; x_wconf 92' lang='lat' dir='ltr'><strong>X.</strong></span> <span class='ocrx_word' id='word_1_131' title='bbox 391 1870 458 1955; x_wconf 80' lang='lat'>(24)</span> <span class='ocrx_word' id='word_1_132' title='bbox 482 1871 547 1935; x_wconf 84' lang='lat' dir='ltr'><strong>Sed</strong></span> <span class='ocrx_word' id='word_1_133' title='bbox 570 1877 609 1934; x_wconf 91' lang='lat' dir='ltr'><strong>ut</strong></span> <span class='ocrx_word' id='word_1_134' title='bbox 631 1869 764 1954; x_wconf 87' lang='lat' dir='ltr'><strong>propius</strong></span> <span class='ocrx_word' id='word_1_135' title='bbox 788 1869 830 1933; x_wconf 85' lang='lat' dir='ltr'><strong>ad</strong></span> <span class='ocrx_word' id='word_1_136' title='bbox 854 1891 902 1948; x_wconf 87' lang='lat' dir='ltr'><strong>ea,</strong></span> <span class='ocrx_word' id='word_1_137' title='bbox 928 1869 1022 1948; x_wconf 84' lang='lat' dir='ltr'><strong>Ceto,</strong></span> <span class='ocrx_word' id='word_1_138' title='bbox 1049 1869 1224 1946; x_wconf 82' lang='lat' dir='ltr'><strong>accedam,</strong></span> <span class='ocrx_word' id='word_1_139' title='bbox 1250 1887 1332 1950; x_wconf 82' lang='lat' dir='ltr'><strong>quae</strong></span> <span class='ocrx_word' id='word_1_140' title='bbox 1355 1888 1375 1928; x_wconf 83' lang='lat' dir='ltr'><strong>a</strong></span> 
     </span>
     <span class='ocr_line' id='line_1_16' title="bbox 213 1967 1369 2058; baseline -0.01 -18"><span class='ocrx_word' id='word_1_141' title='bbox 213 1981 247 2040; x_wconf 87' lang='lat' dir='ltr'><strong>te</strong></span> <span class='ocrx_word' id='word_1_142' title='bbox 271 1972 482 2054; x_wconf 88' lang='lat' dir='ltr'><strong>dictasunt,</strong></span> <span class='ocrx_word' id='word_1_143' title='bbox 515 1973 660 2058; x_wconf 84' lang='lat' dir='ltr'><strong>pressius</strong></span> <span class='ocrx_word' id='word_1_144' title='bbox 685 1994 821 2056; x_wconf 82' lang='lat' dir='ltr'><strong>agamus</strong></span> <span class='ocrx_word' id='word_1_145' title='bbox 846 1993 968 2056; x_wconf 90' lang='lat' dir='ltr'><strong>eaque,</strong></span> <span class='ocrx_word' id='word_1_146' title='bbox 1003 1993 1086 2056; x_wconf 88' lang='lat' dir='ltr'><strong>quae</strong></span> <span class='ocrx_word' id='word_1_147' title='bbox 1118 1971 1215 2036; x_wconf 90' lang='lat' dir='ltr'><strong>modo</strong></span> <span class='ocrx_word' id='word_1_148' title='bbox 1249 1967 1369 2044; x_wconf 85' lang='lat' dir='ltr'><strong>dixisti,</strong></span> 
     </span>
     <span class='ocr_line' id='line_1_17' title="bbox 214 2067 1461 2158; baseline -0.01 -17"><span class='ocrx_word' id='word_1_149' title='bbox 214 2097 290 2142; x_wconf 90' lang='lat' dir='ltr'><strong>cum</strong></span> <span class='ocrx_word' id='word_1_150' title='bbox 313 2075 353 2139; x_wconf 89' lang='lat' dir='ltr'><strong>iis</strong></span> <span class='ocrx_word' id='word_1_151' title='bbox 377 2075 597 2153; x_wconf 84' lang='lat' dir='ltr'><strong>conferemus,</strong></span> <span class='ocrx_word' id='word_1_152' title='bbox 623 2095 706 2158; x_wconf 86' lang='lat' dir='ltr'><strong>quae</strong></span> <span class='ocrx_word' id='word_1_153' title='bbox 729 2075 795 2138; x_wconf 87' lang='lat' dir='ltr'><strong>tuis</strong></span> <span class='ocrx_word' id='word_1_154' title='bbox 819 2080 997 2158; x_wconf 86' lang='lat' dir='ltr'><strong>antepono.</strong></span> <span class='ocrx_word' id='word_1_155' title='bbox 1044 2073 1145 2137; x_wconf 74' lang='lat' dir='ltr'><strong>Quae</strong></span> <span class='ocrx_word' id='word_1_156' title='bbox 1162 2078 1241 2136; x_wconf 92' lang='lat' dir='ltr'><strong>sunt</strong></span> <span class='ocrx_word' id='word_1_157' title='bbox 1270 2067 1369 2153; x_wconf 85' lang='lat' dir='ltr'><strong>igitur</strong></span> <span class='ocrx_word' id='word_1_158' title='bbox 1460 2118 1461 2158; x_wconf 51' lang='lat'><strong>,</strong></span> 
     </span>
     <span class='ocr_line' id='line_1_18' title="bbox 214 2170 1374 2261; baseline -0.009 -17"><span class='ocrx_word' id='word_1_159' title='bbox 214 2180 400 2246; x_wconf 87' lang='lat' dir='ltr'><strong>communia</strong></span> <span class='ocrx_word' id='word_1_160' title='bbox 422 2178 517 2243; x_wconf 84' lang='lat' dir='ltr'><strong>vobis</strong></span> <span class='ocrx_word' id='word_1_161' title='bbox 541 2199 617 2241; x_wconf 89' lang='lat' dir='ltr'><strong>cum</strong></span> <span class='ocrx_word' id='word_1_162' title='bbox 639 2175 804 2261; x_wconf 87' lang='lat' dir='ltr'><strong>antiquis,</strong></span> <span class='ocrx_word' id='word_1_163' title='bbox 833 2175 874 2239; x_wconf 89' lang='lat' dir='ltr'><strong>iis</strong></span> <span class='ocrx_word' id='word_1_164' title='bbox 898 2175 945 2240; x_wconf 91' lang='lat' dir='ltr'><strong>sic</strong></span> <span class='ocrx_word' id='word_1_165' title='bbox 967 2183 1101 2241; x_wconf 84' lang='lat' dir='ltr'><strong>utamur</strong></span> <span class='ocrx_word' id='word_1_166' title='bbox 1124 2170 1218 2260; x_wconf 81' lang='lat' dir='ltr'><strong>qussi</strong></span> <span class='ocrx_word' id='word_1_167' title='bbox 1241 2193 1374 2238; x_wconf 89' lang='lat' dir='ltr'><strong>conces·</strong></span> 
     </span>
     <span class='ocr_line' id='line_1_19' title="bbox 213 2275 1373 2368; baseline -0.003 -21"><span class='ocrx_word' id='word_1_168' title='bbox 213 2283 270 2365; x_wconf 87' lang='lat' dir='ltr'><strong>sis,</strong></span> <span class='ocrx_word' id='word_1_169' title='bbox 295 2283 436 2368; x_wconf 88' lang='lat' dir='ltr'><strong>quaein</strong></span> <span class='ocrx_word' id='word_1_170' title='bbox 460 2279 716 2346; x_wconf 84' lang='lat' dir='ltr'><strong>controversiam</strong></span> <span class='ocrx_word' id='word_1_171' title='bbox 740 2279 890 2358; x_wconf 89' lang='lat' dir='ltr'><strong>veniunt,</strong></span> <span class='ocrx_word' id='word_1_172' title='bbox 915 2279 955 2342; x_wconf 93' lang='lat' dir='ltr'><strong>de</strong></span> <span class='ocrx_word' id='word_1_173' title='bbox 979 2279 1039 2357; x_wconf 89' lang='lat' dir='ltr'><strong>iis,</strong></span> <span class='ocrx_word' id='word_1_174' title='bbox 1065 2279 1093 2342; x_wconf 89' lang='lat' dir='ltr'><strong>si</strong></span> <span class='ocrx_word' id='word_1_175' title='bbox 1115 2277 1245 2364; x_wconf 79' lang='lat' dir='ltr'><strong>placeb,</strong></span> <span class='ocrx_word' id='word_1_176' title='bbox 1270 2275 1373 2343; x_wconf 87' lang='lat' dir='ltr'><strong>disse·</strong></span> 
     </span>
    </p>
   </div>
   <div class='ocr_carea' id='block_1_3' title="bbox 208 2517 1459 3406">
    <p class='ocr_par' dir='ltr' id='par_1_4' title="bbox 214 2517 1376 2727">
     <span class='ocr_line' id='line_1_20' title="bbox 214 2517 1376 2590; baseline -0.004 -14"><span class='ocrx_word' id='word_1_177' title='bbox 214 2522 269 2577; x_wconf 86' lang='lat' dir='ltr'><strong>nisi</strong></span> <span class='ocrx_word' id='word_1_178' title='bbox 287 2522 408 2576; x_wconf 82' lang='lat' dir='ltr'><strong>humana</strong></span> <span class='ocrx_word' id='word_1_179' title='bbox 426 2521 522 2590; x_wconf 84' lang='lat' dir='ltr'><strong>figura.</strong></span> <span class='ocrx_word' id='word_1_180' title='bbox 540 2521 620 2575; x_wconf 84' lang='lat' dir='ltr'><strong>Tuae.</strong></span> <span class='ocrx_word' id='word_1_181' title='bbox 637 2520 668 2574; x_wconf 96' lang='grc' dir='ltr'>Π</span> <span class='ocrx_word' id='word_1_182' title='bbox 686 2524 754 2582; x_wconf 83' lang='lat'><strong>4,11</strong></span> <span class='ocrx_word' id='word_1_183' title='bbox 775 2537 841 2572; x_wconf 91' lang='lat' dir='ltr'><strong>num</strong></span> <span class='ocrx_word' id='word_1_184' title='bbox 860 2534 950 2572; x_wconf 88' lang='lat' dir='ltr'><strong>censes</strong></span> <span class='ocrx_word' id='word_1_185' title='bbox 968 2517 1041 2588; x_wconf 89' lang='lat' dir='ltr'><strong>apud</strong></span> <span class='ocrx_word' id='word_1_186' title='bbox 1060 2535 1105 2572; x_wconf 89' lang='lat' dir='ltr'><strong>eos</strong></span> <span class='ocrx_word' id='word_1_187' title='bbox 1124 2517 1197 2588; x_wconf 88' lang='lat' dir='ltr'><strong>ipsos</strong></span> <span class='ocrx_word' id='word_1_188' title='bbox 1215 2519 1304 2572; x_wconf 86' lang='lat' dir='ltr'><strong>valere</strong></span> <span class='ocrx_word' id='word_1_189' title='bbox 1322 2517 1376 2572; x_wconf 88' lang='lat' dir='ltr'><strong>nisi</strong></span> 
     </span>
     <span class='ocr_line' id='line_1_21' title="bbox 215 2585 1374 2670; baseline -0.004 -25"><span class='ocrx_word' id='word_1_190' title='bbox 215 2589 363 2645; x_wconf 78' lang='lat' dir='ltr'><strong>admodum</strong></span> <span class='ocrx_word' id='word_1_191' title='bbox 380 2605 489 2660; x_wconf 83' lang='lat' dir='ltr'><strong>paucos.</strong></span> <span class='ocrx_word' id='word_1_192' title='bbox 509 2606 547 2642; x_wconf 88' lang='lat' dir='ltr'><strong>or.</strong></span> <span class='ocrx_word' id='word_1_193' title='bbox 565 2607 591 2670; x_wconf 88' lang='lat' dir='ltr'><strong>p.</strong></span> <span class='ocrx_word' id='word_1_194' title='bbox 610 2588 680 2642; x_wconf 83' lang='lat' dir='ltr'><strong>Sest.</strong></span> <span class='ocrx_word' id='word_1_195' title='bbox 700 2591 805 2650; x_wconf 83' lang='grc'><strong>60,128</strong></span> <span class='ocrx_word' id='word_1_196' title='bbox 823 2585 900 2641; x_wconf 87' lang='lat' dir='ltr'><strong>cuius</strong></span> <span class='ocrx_word' id='word_1_197' title='bbox 918 2603 1040 2656; x_wconf 77' lang='lat' dir='ltr'><strong>unquam</strong></span> <span class='ocrx_word' id='word_1_198' title='bbox 1058 2589 1168 2657; x_wconf 85' lang='lat' dir='ltr'><strong>propter</strong></span> <span class='ocrx_word' id='word_1_199' title='bbox 1186 2586 1304 2646; x_wconf 82' lang='lat' dir='ltr'><strong>salutem</strong></span> <span class='ocrx_word' id='word_1_200' title='bbox 1322 2587 1374 2642; x_wconf 81' lang='lat' dir='ltr'><strong>nisi</strong></span> 
     </span>
     <span class='ocr_line' id='line_1_22' title="bbox 215 2656 692 2727; baseline -0.006 -13"><span class='ocrx_word' id='word_1_201' title='bbox 215 2677 304 2714; x_wconf 85' lang='lat' dir='ltr'><strong>meam</strong></span> <span class='ocrx_word' id='word_1_202' title='bbox 322 2661 434 2714; x_wconf 85' lang='lat' dir='ltr'><strong>senatus</strong></span> <span class='ocrx_word' id='word_1_203' title='bbox 452 2687 485 2696; x_wconf 91' lang='lat'><em>-</em></span> <span class='ocrx_word' id='word_1_204' title='bbox 538 2656 692 2727; x_wconf 83' lang='lat' dir='ltr'><strong>nt1csegit.</strong></span> 
     </span>
    </p>

    <p class='ocr_par' dir='ltr' id='par_1_5' title="bbox 208 2722 1459 3406">
     <span class='ocr_line' id='line_1_23' title="bbox 284 2722 1374 2787; baseline 0 -7"><span class='ocrx_word' id='word_1_205' title='bbox 284 2725 334 2780; x_wconf 76' lang='lat'><strong>23.</strong></span> <span class='ocrx_word' id='word_1_206' title='bbox 371 2743 456 2780; x_wconf 84' lang='lat' dir='ltr'><strong>anne</strong></span> <span class='ocrx_word' id='word_1_207' title='bbox 475 2728 560 2779; x_wconf 83' lang='lat' dir='ltr'><strong>seben</strong></span> <span class='ocrx_word' id='word_1_208' title='bbox 576 2723 634 2780; x_wconf 87' lang='lat' dir='ltr'><strong>und</strong></span> <span class='ocrx_word' id='word_1_209' title='bbox 651 2743 704 2779; x_wconf 85' lang='lat' dir='ltr'><strong>nur</strong></span> <span class='ocrx_word' id='word_1_210' title='bbox 721 2723 751 2776; x_wconf 90' lang='lat' dir='ltr'><strong>in</strong></span> <span class='ocrx_word' id='word_1_211' title='bbox 769 2723 817 2777; x_wconf 84' lang='lat' dir='ltr'><strong>der</strong></span> <span class='ocrx_word' id='word_1_212' title='bbox 833 2722 1010 2778; x_wconf 79' lang='lat' dir='ltr'><strong>Alternative.</strong></span> <span class='ocrx_word' id='word_1_213' title='bbox 1047 2723 1181 2778; x_wconf 80' lang='lat' dir='ltr'><strong>Acadss</strong></span> <span class='ocrx_word' id='word_1_214' title='bbox 1199 2727 1240 2787; x_wconf 86' lang='grc'><strong>29,</strong></span> <span class='ocrx_word' id='word_1_215' title='bbox 1260 2726 1293 2776; x_wconf 84' lang='grc'><strong>93</strong></span> <span class='ocrx_word' id='word_1_216' title='bbox 1314 2743 1374 2780; x_wconf 86' lang='lat' dir='ltr'><strong>cum</strong></span> 
     </span>
     <span class='ocr_line' id='line_1_24' title="bbox 213 2790 1459 2876; baseline -0.002 -27"><span class='ocrx_word' id='word_1_217' title='bbox 213 2793 353 2876; x_wconf 72' lang='lat' dir='ltr'><strong>gradatim</strong></span> <span class='ocrx_word' id='word_1_218' title='bbox 370 2794 562 2864; x_wconf 72' lang='lat' dir='ltr'><strong>interrogetur,</strong></span> <span class='ocrx_word' id='word_1_219' title='bbox 580 2792 764 2874; x_wconf 30' lang='lat' dir='ltr'><strong>verbiflcausa,</strong></span> <span class='ocrx_word' id='word_1_220' title='bbox 783 2791 950 2872; x_wconf 28' lang='lat' dir='ltr'><strong>‘turiapapca</strong></span> <span class='ocrx_word' id='word_1_221' title='bbox 968 2791 1024 2874; x_wconf 78' lang='lat' dir='ltr'><strong>sint</strong></span> <span class='ocrx_word' id='word_1_222' title='bbox 1051 2810 1121 2848; x_wconf 81' lang='lat' dir='ltr'><strong>anne</strong></span> <span class='ocrx_word' id='word_1_223' title='bbox 1144 2790 1248 2846; x_wconf 85' lang='lat' dir='ltr'><strong>multa’.</strong></span> <span class='ocrx_word' id='word_1_224' title='bbox 1284 2811 1327 2847; x_wconf 87' lang='lat' dir='ltr'><strong>or.</strong></span> <span class='ocrx_word' id='word_1_225' title='bbox 1345 2792 1376 2846; x_wconf 90' lang='lat' dir='ltr'><strong>de</strong></span> <span class='ocrx_word' id='word_1_226' title='bbox 1458 2863 1459 2866; x_wconf 7' lang='grc' dir='ltr'><strong>Ἴ</strong></span> 
     </span>
     <span class='ocr_line' id='line_1_25' title="bbox 212 2859 1375 3012; baseline 0 -26"><span class='ocrx_word' id='word_1_227' title='bbox 212 2862 790 3012; x_wconf 57' lang='lat' dir='ltr'><strong>toturn}ntentans</strong></span> <span class='ocrx_word' id='word_1_228' title='bbox 803 2859 1375 3010; x_wconf 56' lang='lat' dir='ltr'><strong>susiz.1¹³⁰t..⁰tsttr.n</strong></span> 
     </span>
     <span class='ocr_line' id='line_1_26' title="bbox 213 2998 1374 3069; baseline -0.001 -14"><span class='ocrx_word' id='word_1_229' title='bbox 213 3000 403 3055; x_wconf 82' lang='lat' dir='ltr'><strong>Panaetrue</strong></span> <span class='ocrx_word' id='word_1_230' title='bbox 431 3018 453 3053; x_wconf 84' lang='lat' dir='ltr'><strong>s.</strong></span> <span class='ocrx_word' id='word_1_231' title='bbox 471 3017 505 3054; x_wconf 80' lang='lat' dir='ltr'><strong>zu</strong></span> <span class='ocrx_word' id='word_1_232' title='bbox 522 3000 538 3053; x_wconf 96' lang='lat' dir='ltr'>I</span> <span class='ocrx_word' id='word_1_233' title='bbox 555 3003 580 3064; x_wconf 87' lang='grc'><strong>2,</strong></span> <span class='ocrx_word' id='word_1_234' title='bbox 599 3004 622 3052; x_wconf 81' lang='lat' dir='ltr'><strong>t.</strong></span> <span class='ocrx_word' id='word_1_235' title='bbox 658 3000 697 3054; x_wconf 80' lang='lat' dir='ltr'><strong>Er</strong></span> <span class='ocrx_word' id='word_1_236' title='bbox 714 3017 770 3053; x_wconf 81' lang='lat' dir='ltr'><strong>war</strong></span> <span class='ocrx_word' id='word_1_237' title='bbox 788 2998 919 3053; x_wconf 80' lang='lat' dir='ltr'><strong>storscher</strong></span> <span class='ocrx_word' id='word_1_238' title='bbox 937 2998 1104 3069; x_wconf 86' lang='lat' dir='ltr'><strong>Ph1losoph,</strong></span> <span class='ocrx_word' id='word_1_239' title='bbox 1130 2998 1238 3053; x_wconf 86' lang='lat' dir='ltr'><strong>verliess</strong></span> <span class='ocrx_word' id='word_1_240' title='bbox 1262 2999 1330 3054; x_wconf 82' lang='lat' dir='ltr'><strong>aber</strong></span> <span class='ocrx_word' id='word_1_241' title='bbox 1347 3001 1374 3056; x_wconf 89' lang='lat' dir='ltr'><strong>in</strong></span> 
     </span>
     <span class='ocr_line' id='line_1_27' title="bbox 213 3065 1375 3140; baseline 0 -18"><span class='ocrx_word' id='word_1_242' title='bbox 213 3068 321 3140; x_wconf 82' lang='lat' dir='ltr'><strong>einigsn</strong></span> <span class='ocrx_word' id='word_1_243' title='bbox 339 3069 464 3123; x_wconf 87' lang='lat' dir='ltr'><strong>Punoten</strong></span> <span class='ocrx_word' id='word_1_244' title='bbox 482 3067 526 3122; x_wconf 90' lang='lat' dir='ltr'><strong>die</strong></span> <span class='ocrx_word' id='word_1_245' title='bbox 544 3067 662 3123; x_wconf 84' lang='lat' dir='ltr'><strong>stoischc</strong></span> <span class='ocrx_word' id='word_1_246' title='bbox 681 3069 742 3122; x_wconf 87' lang='lat' dir='ltr'><strong>Stre</strong></span> <span class='ocrx_word' id='word_1_247' title='bbox 781 3085 795 3121; x_wconf 90' lang='lat' dir='ltr'><strong>e</strong></span> <span class='ocrx_word' id='word_1_248' title='bbox 818 3067 876 3121; x_wconf 86' lang='lat' dir='ltr'><strong>und</strong></span> <span class='ocrx_word' id='word_1_249' title='bbox 902 3067 988 3137; x_wconf 78' lang='lat' dir='ltr'><strong>folgte</strong></span> <span class='ocrx_word' id='word_1_250' title='bbox 1014 3066 1062 3122; x_wconf 90' lang='lat' dir='ltr'><strong>der</strong></span> <span class='ocrx_word' id='word_1_251' title='bbox 1087 3065 1291 3122; x_wconf 77' lang='lat' dir='ltr'><strong>academischen</strong></span> <span class='ocrx_word' id='word_1_252' title='bbox 1320 3068 1375 3124; x_wconf 88' lang='lat' dir='ltr'><strong>und</strong></span> 
     </span>
     <span class='ocr_line' id='line_1_28' title="bbox 212 3084 1375 3220; baseline 0.001 -28"><span class='ocrx_word' id='word_1_253' title='bbox 212 3137 440 3220; x_wconf 87' lang='lat' dir='ltr'><strong>peripatetischen</strong></span> <span class='ocrx_word' id='word_1_254' title='bbox 457 3135 554 3191; x_wconf 84' lang='lat' dir='ltr'><strong>Lehre.</strong></span> <span class='ocrx_word' id='word_1_255' title='bbox 670 3137 701 3202; x_wconf 81' lang='lat' dir='ltr'><strong>Q.</strong></span> <span class='ocrx_word' id='word_1_256' title='bbox 718 3084 839 3191; x_wconf 55' lang='lat' dir='ltr'><strong>silius</strong></span> <span class='ocrx_word' id='word_1_257' title='bbox 857 3135 1007 3197; x_wconf 76' lang='lat' dir='ltr'><strong>Tubero,</strong></span> <span class='ocrx_word' id='word_1_258' title='bbox 1025 3136 1069 3192; x_wconf 83' lang='lat' dir='ltr'><strong>ein</strong></span> <span class='ocrx_word' id='word_1_259' title='bbox 1086 3136 1311 3192; x_wconf 80' lang='lat' dir='ltr'><strong>Schwestersohn</strong></span> <span class='ocrx_word' id='word_1_260' title='bbox 1331 3139 1375 3193; x_wconf 84' lang='lat' dir='ltr'><strong>des</strong></span> 
     </span>
     <span class='ocr_line' id='line_1_29' title="bbox 208 3205 1375 3277; baseline -0.002 -15"><span class='ocrx_word' id='word_1_261' title='bbox 208 3209 262 3277; x_wconf 76' lang='lat' dir='ltr'><strong>Jiin</strong></span> <span class='ocrx_word' id='word_1_262' title='bbox 282 3224 344 3261; x_wconf 85' lang='lat' dir='ltr'><strong>eren</strong></span> <span class='ocrx_word' id='word_1_263' title='bbox 361 3206 393 3260; x_wconf 87' lang='lat' dir='ltr'><strong>P.</strong></span> <span class='ocrx_word' id='word_1_264' title='bbox 411 3206 501 3277; x_wconf 82' lang='lat' dir='ltr'><strong>Scipio</strong></span> <span class='ocrx_word' id='word_1_265' title='bbox 519 3205 674 3270; x_wconf 84' lang='lat' dir='ltr'><strong>Africanus,</strong></span> <span class='ocrx_word' id='word_1_266' title='bbox 693 3206 793 3260; x_wconf 75' lang='lat' dir='ltr'><strong>Prttor</strong></span> <span class='ocrx_word' id='word_1_267' title='bbox 809 3205 865 3260; x_wconf 71' lang='lat' dir='ltr'><strong>id.</strong></span> <span class='ocrx_word' id='word_1_268' title='bbox 886 3209 935 3258; x_wconf 86' lang='grc'><strong>123</strong></span> <span class='ocrx_word' id='word_1_269' title='bbox 953 3223 978 3259; x_wconf 88' lang='lat' dir='ltr'><strong>v.</strong></span> <span class='ocrx_word' id='word_1_270' title='bbox 990 3205 1062 3269; x_wconf 73' lang='lat' dir='ltr'><strong>chr,</strong></span> <span class='ocrx_word' id='word_1_271' title='bbox 1080 3205 1230 3276; x_wconf 72' lang='lat' dir='ltr'><strong>Anhtnger</strong></span> <span class='ocrx_word' id='word_1_272' title='bbox 1248 3206 1296 3260; x_wconf 88' lang='lat' dir='ltr'><strong>der</strong></span> <span class='ocrx_word' id='word_1_273' title='bbox 1309 3207 1375 3262; x_wconf 82' lang='lat' dir='ltr'><strong>Stoa</strong></span> 
     </span>
     <span class='ocr_line' id='line_1_30' title="bbox 212 3272 1376 3331; baseline 0 -1"><span class='ocrx_word' id='word_1_274' title='bbox 212 3293 251 3330; x_wconf 90' lang='lat' dir='ltr'><strong>un</strong></span> <span class='ocrx_word' id='word_1_275' title='bbox 287 3275 340 3330; x_wconf 89' lang='lat' dir='ltr'><strong>mit</strong></span> <span class='ocrx_word' id='word_1_276' title='bbox 358 3275 493 3329; x_wconf 78' lang='lat' dir='ltr'><strong>Pantitius</strong></span> <span class='ocrx_word' id='word_1_277' title='bbox 510 3273 568 3328; x_wconf 86' lang='lat' dir='ltr'><strong>und</strong></span> <span class='ocrx_word' id='word_1_278' title='bbox 586 3273 682 3330; x_wconf 88' lang='lat' dir='ltr'><strong>dessen</strong></span> <span class='ocrx_word' id='word_1_279' title='bbox 700 3274 813 3330; x_wconf 81' lang='lat' dir='ltr'><strong>Schiilcr</strong></span> <span class='ocrx_word' id='word_1_280' title='bbox 830 3275 936 3329; x_wconf 82' lang='lat' dir='ltr'><strong>Hecate</strong></span> <span class='ocrx_word' id='word_1_281' title='bbox 953 3272 1122 3329; x_wconf 83' lang='lat' dir='ltr'><strong>belreundct.</strong></span> <span class='ocrx_word' id='word_1_282' title='bbox 1159 3275 1216 3330; x_wconf 89' lang='lat' dir='ltr'><strong>Der</strong></span> <span class='ocrx_word' id='word_1_283' title='bbox 1233 3275 1316 3330; x_wconf 87' lang='lat' dir='ltr'><strong>Brief</strong></span> <span class='ocrx_word' id='word_1_284' title='bbox 1331 3277 1376 3331; x_wconf 85' lang='lat' dir='ltr'><strong>des</strong></span> 
     </span>
     <span class='ocr_line' id='line_1_31' title="bbox 212 3342 938 3406; baseline -0.003 -8"><span class='ocrx_word' id='word_1_285' title='bbox 212 3343 348 3399; x_wconf 71' lang='lat' dir='ltr'><strong>Panttius</strong></span> <span class='ocrx_word' id='word_1_286' title='bbox 366 3361 401 3399; x_wconf 88' lang='lat' dir='ltr'><strong>an</strong></span> <span class='ocrx_word' id='word_1_287' title='bbox 419 3343 469 3398; x_wconf 88' lang='lat' dir='ltr'><strong>ihn</strong></span> <span class='ocrx_word' id='word_1_288' title='bbox 486 3342 555 3398; x_wconf 86' lang='lat' dir='ltr'><strong>wird</strong></span> <span class='ocrx_word' id='word_1_289' title='bbox 572 3344 652 3399; x_wconf 76' lang='lat' dir='ltr'><strong>Tusc.</strong></span> <span class='ocrx_word' id='word_1_290' title='bbox 669 3343 710 3398; x_wconf 86' lang='lat' dir='ltr'><strong>IV</strong></span> <span class='ocrx_word' id='word_1_291' title='bbox 728 3348 752 3406; x_wconf 89' lang='grc'><strong>2,</strong></span> <span class='ocrx_word' id='word_1_292' title='bbox 771 3349 787 3396; x_wconf 89' lang='grc'><strong>4</strong></span> <span class='ocrx_word' id='word_1_293' title='bbox 806 3343 938 3398; x_wconf 71' lang='lat' dir='ltr'><strong>eruthnt.</strong></span> 
     </span>
    </p>
   </div>
   <div class='ocr_carea' id='block_1_4' title="bbox 211 3495 1462 3685">
    <p class='ocr_par' dir='ltr' id='par_1_6' title="bbox 211 3495 1462 3685">
     <span class='ocr_line' id='line_1_32' title="bbox 211 3495 1462 3588; baseline 0.001 -22"><span class='ocrx_word' id='word_1_294' title='bbox 211 3499 266 3566; x_wconf 90' lang='grc' dir='ltr'><strong>ΠΙ.</strong></span> <span class='ocrx_word' id='word_1_295' title='bbox 313 3497 476 3566; x_wconf 70' lang='lat' dir='ltr'><strong>deuouere</strong></span> <span class='ocrx_word' id='word_1_296' title='bbox 498 3497 746 3582; x_wconf 79' lang='lat' dir='ltr'><strong>Untersuohnng</strong></span> <span class='ocrx_word' id='word_1_297' title='bbox 769 3515 851 3583; x_wconf 89' lang='lat' dir='ltr'><strong>resp.</strong></span> <span class='ocrx_word' id='word_1_298' title='bbox 874 3495 1107 3583; x_wconf 80' lang='lat' dir='ltr'><strong>Wlderlegung</strong></span> <span class='ocrx_word' id='word_1_299' title='bbox 1131 3499 1187 3566; x_wconf 85' lang='lat' dir='ltr'><strong>der</strong></span> <span class='ocrx_word' id='word_1_300' title='bbox 1208 3515 1274 3566; x_wconf 87' lang='lat' dir='ltr'><strong>von</strong></span> <span class='ocrx_word' id='word_1_301' title='bbox 1296 3499 1374 3568; x_wconf 80' lang='lat' dir='ltr'><strong>tato</strong></span> <span class='ocrx_word' id='word_1_302' title='bbox 1461 3585 1462 3588; x_wconf 8' lang='grc' dir='ltr'><strong>Ἴ</strong></span> 
     </span>
     <span class='ocr_line' id='line_1_33' title="bbox 297 3599 1289 3685; baseline -0.002 -19"><span class='ocrx_word' id='word_1_303' title='bbox 297 3603 556 3685; x_wconf 79' lang='lat' dir='ltr'><strong>vorgetragenen</strong></span> <span class='ocrx_word' id='word_1_304' title='bbox 578 3600 671 3666; x_wconf 76' lang='lat' dir='ltr'><strong>Sttzc</strong></span> <span class='ocrx_word' id='word_1_305' title='bbox 694 3599 750 3666; x_wconf 84' lang='lat' dir='ltr'><strong>der</strong></span> <span class='ocrx_word' id='word_1_306' title='bbox 773 3599 910 3666; x_wconf 84' lang='lat' dir='ltr'><strong>Stoikcr.</strong></span> <span class='ocrx_word' id='word_1_307' title='bbox 957 3601 1029 3684; x_wconf 79' lang='lat' dir='ltr'><strong>cup.</strong></span> <span class='ocrx_word' id='word_1_308' title='bbox 1053 3602 1088 3667; x_wconf 86' lang='lat'><strong>10</strong></span> <span class='ocrx_word' id='word_1_309' title='bbox 1110 3635 1152 3646; x_wconf 89' lang='lat'><em>-</em></span> <span class='ocrx_word' id='word_1_310' title='bbox 1175 3602 1222 3678; x_wconf 84' lang='lat'><strong>28,</strong></span> <span class='ocrx_word' id='word_1_311' title='bbox 1244 3599 1289 3667; x_wconf 86' lang='grc'><strong>77.</strong></span> 
     </span>
    </p>
   </div>
   <div class='ocr_carea' id='block_1_5' title="bbox 211 3734 1373 3944">
    <p class='ocr_par' dir='ltr' id='par_1_7' title="bbox 211 3734 1373 3944">
     <span class='ocr_line' id='line_1_34' title="bbox 280 3734 1373 3818; baseline 0.002 -29"><span class='ocrx_word' id='word_1_312' title='bbox 280 3735 332 3815; x_wconf 73' lang='lat' dir='ltr'><strong>Die</strong></span> <span class='ocrx_word' id='word_1_313' title='bbox 350 3734 459 3790; x_wconf 83' lang='lat' dir='ltr'><strong>Stoiker</strong></span> <span class='ocrx_word' id='word_1_314' title='bbox 475 3735 563 3805; x_wconf 75' lang='lat' dir='ltr'><strong>gehen</strong></span> <span class='ocrx_word' id='word_1_315' title='bbox 580 3753 652 3790; x_wconf 85' lang='lat' dir='ltr'><strong>zwar</strong></span> <span class='ocrx_word' id='word_1_316' title='bbox 668 3734 719 3790; x_wconf 82' lang='lat' dir='ltr'><strong>wie</strong></span> <span class='ocrx_word' id='word_1_317' title='bbox 736 3735 780 3789; x_wconf 88' lang='lat' dir='ltr'><strong>die</strong></span> <span class='ocrx_word' id='word_1_318' title='bbox 802 3735 1001 3818; x_wconf 73' lang='lat' dir='ltr'><strong>Peripatetilrsr</strong></span> <span class='ocrx_word' id='word_1_319' title='bbox 1026 3752 1082 3815; x_wconf 78' lang='lat' dir='ltr'><strong>von</strong></span> <span class='ocrx_word' id='word_1_320' title='bbox 1107 3735 1169 3790; x_wconf 91' lang='lat' dir='ltr'><strong>dem</strong></span> <span class='ocrx_word' id='word_1_321' title='bbox 1195 3735 1373 3792; x_wconf 81' lang='lat' dir='ltr'><strong>Selbsterhal·</strong></span> 
     </span>
     <span class='ocr_line' id='line_1_35' title="bbox 211 3802 1373 3944; baseline 0.001 -18"><span class='ocrx_word' id='word_1_322' title='bbox 211 3802 1373 3944; x_wconf 50' lang='lat' dir='ltr'><strong>{tltent‘tttltttttutt³..ttltrtttbgttlrttlffit</strong></span> 
     </span>
    </p>
   </div>
   <div class='ocr_carea' id='block_1_6' title="bbox 210 3939 1462 4012">
    <p class='ocr_par' dir='ltr' id='par_1_8' title="bbox 210 3939 1462 4012">
     <span class='ocr_line' id='line_1_36' title="bbox 210 3939 1462 4012; baseline 0.002 -18"><span class='ocrx_word' id='word_1_323' title='bbox 210 3939 268 3994; x_wconf 88' lang='lat' dir='ltr'><strong>und</strong></span> <span class='ocrx_word' id='word_1_324' title='bbox 286 3940 402 3994; x_wconf 90' lang='lat' dir='ltr'><strong>nehmen</strong></span> <span class='ocrx_word' id='word_1_325' title='bbox 419 3940 463 3995; x_wconf 90' lang='lat' dir='ltr'><strong>bei</strong></span> <span class='ocrx_word' id='word_1_326' title='bbox 480 3939 529 3997; x_wconf 87' lang='lat' dir='ltr'><strong>der</strong></span> <span class='ocrx_word' id='word_1_327' title='bbox 546 3940 737 4012; x_wconf 73' lang='lat' dir='ltr'><strong>Bestimmung</strong></span> <span class='ocrx_word' id='word_1_328' title='bbox 755 3941 801 3996; x_wconf 88' lang='lat' dir='ltr'><strong>des</strong></span> <span class='ocrx_word' id='word_1_329' title='bbox 819 3939 954 3996; x_wconf 77' lang='lat' dir='ltr'><strong>hbchsten</strong></span> <span class='ocrx_word' id='word_1_330' title='bbox 971 3942 1058 3996; x_wconf 79' lang='lat' dir='ltr'><strong>Gutes</strong></span> <span class='ocrx_word' id='word_1_331' title='bbox 1076 3961 1128 3996; x_wconf 90' lang='lat' dir='ltr'><strong>nur</strong></span> <span class='ocrx_word' id='word_1_332' title='bbox 1155 3942 1207 3997; x_wconf 82' lang='lat' dir='ltr'><strong>anf</strong></span> <span class='ocrx_word' id='word_1_333' title='bbox 1229 3941 1273 3997; x_wconf 88' lang='lat' dir='ltr'><strong>die</strong></span> <span class='ocrx_word' id='word_1_334' title='bbox 1320 3943 1372 3998; x_wconf 90' lang='lat' dir='ltr'><strong>eele</strong></span> <span class='ocrx_word' id='word_1_335' title='bbox 1461 3965 1462 3968; x_wconf 41' lang='lat'>¹</span> 
     </span>
    </p>
   </div>
   <div class='ocr_carea' id='block_1_7' title="bbox 208 4008 1462 4424">
    <p class='ocr_par' dir='ltr' id='par_1_9' title="bbox 208 4008 1462 4424">
     <span class='ocr_line' id='line_1_37' title="bbox 210 4008 1462 4092; baseline 0.002 -30"><span class='ocrx_word' id='word_1_336' title='bbox 210 4008 373 4089; x_wconf 70' lang='lat' dir='ltr'><strong>Riiclrsicht.</strong></span> <span class='ocrx_word' id='word_1_337' title='bbox 391 4009 470 4091; x_wconf 78' lang='lat' dir='ltr'><strong>Depn</strong></span> <span class='ocrx_word' id='word_1_338' title='bbox 487 4029 565 4092; x_wconf 78' lang='lat' dir='ltr'><strong>wenn</strong></span> <span class='ocrx_word' id='word_1_339' title='bbox 583 4008 715 4092; x_wconf 29' lang='lat' dir='ltr'><strong>anchldie</strong></span> <span class='ocrx_word' id='word_1_340' title='bbox 733 4009 920 4090; x_wconf 68' lang='lat' dir='ltr'><strong>kdrperliohen</strong></span> <span class='ocrx_word' id='word_1_341' title='bbox 932 4011 1020 4066; x_wconf 81' lang='lat' dir='ltr'><strong>Vorz&#39;&#39;</strong></span> <span class='ocrx_word' id='word_1_342' title='bbox 1044 4027 1058 4064; x_wconf 89' lang='lat' dir='ltr'><strong>e</strong></span> <span class='ocrx_word' id='word_1_343' title='bbox 1075 4009 1230 4092; x_wconf 78' lang='lat' dir='ltr'><strong>gegeniiber</strong></span> <span class='ocrx_word' id='word_1_344' title='bbox 1248 4011 1300 4067; x_wconf 86' lang='lat' dir='ltr'><strong>den</strong></span> <span class='ocrx_word' id='word_1_345' title='bbox 1316 4011 1371 4083; x_wconf 76' lang='lat' dir='ltr'><strong>gei·</strong></span> <span class='ocrx_word' id='word_1_346' title='bbox 1461 4031 1462 4064; x_wconf 67' lang='lat'>3</span> 
     </span>
     <span class='ocr_line' id='line_1_38' title="bbox 210 4078 1370 4162; baseline 0.006 -32"><span class='ocrx_word' id='word_1_347' title='bbox 210 4081 301 4148; x_wconf 82' lang='lat' dir='ltr'><strong>stigen</strong></span> <span class='ocrx_word' id='word_1_348' title='bbox 312 4097 365 4132; x_wconf 81' lang='lat' dir='ltr'><strong>nur</strong></span> <span class='ocrx_word' id='word_1_349' title='bbox 382 4097 479 4160; x_wconf 75' lang='lat' dir='ltr'><strong>gcrmg</strong></span> <span class='ocrx_word' id='word_1_350' title='bbox 496 4079 616 4162; x_wconf 49' lang='lat' dir='ltr'><strong>smd,uso</strong></span> <span class='ocrx_word' id='word_1_351' title='bbox 633 4078 731 4160; x_wconf 73' lang='lat' dir='ltr'><strong>dbrfpn</strong></span> <span class='ocrx_word' id='word_1_352' title='bbox 750 4097 788 4134; x_wconf 80' lang='lat' dir='ltr'><strong>sle</strong></span> <span class='ocrx_word' id='word_1_353' title='bbox 806 4078 877 4160; x_wconf 80' lang='lat' dir='ltr'><strong>doch</strong></span> <span class='ocrx_word' id='word_1_354' title='bbox 894 4080 938 4135; x_wconf 88' lang='lat' dir='ltr'><strong>ber</strong></span> <span class='ocrx_word' id='word_1_355' title='bbox 954 4079 1020 4162; x_wconf 43' lang='lat' dir='ltr'><strong>der·</strong></span> <span class='ocrx_word' id='word_1_356' title='bbox 1036 4083 1205 4162; x_wconf 74' lang='lat' dir='ltr'><strong>estimmung</strong></span> <span class='ocrx_word' id='word_1_357' title='bbox 1222 4079 1269 4136; x_wconf 88' lang='lat' dir='ltr'><strong>des</strong></span> <span class='ocrx_word' id='word_1_358' title='bbox 1287 4081 1370 4162; x_wconf 72' lang='lat' dir='ltr'><strong>hdeb-</strong></span> 
     </span>
     <span class='ocr_line' id='line_1_39' title="bbox 210 4145 1369 4340; baseline 0.006 -73"><span class='ocrx_word' id='word_1_359' title='bbox 210 4150 272 4297; x_wconf 58' lang='lat' dir='ltr'><strong>tt?</strong></span> <span class='ocrx_word' id='word_1_360' title='bbox 280 4145 1098 4340; x_wconf 41' lang='lat' dir='ltr'><strong>gtt.t¹⁰tt.tttt¹¹t⁵ttltt.llll‘to&#39;ffgtbtt</strong></span> <span class='ocrx_word' id='word_1_361' title='bbox 1111 4149 1281 4274; x_wconf 64' lang='lat' dir='ltr'><strong>ltltt..</strong></span> <span class='ocrx_word' id='word_1_362' title='bbox 1301 4153 1369 4274; x_wconf 61' lang='lat' dir='ltr'><strong>dl</strong></span> 
     </span>
     <span class='ocr_line' id='line_1_40' title="bbox 208 4283 1370 4424; baseline 0 -17"><span class='ocrx_word' id='word_1_363' title='bbox 208 4283 330 4408; x_wconf 56' lang='lat' dir='ltr'><strong>ffiredd.</strong></span> <span class='ocrx_word' id='word_1_364' title='bbox 353 4288 681 4424; x_wconf 46' lang='lat' dir='ltr'><strong>(pib&#39;siid-sffllienauer,</strong></span> <span class='ocrx_word' id='word_1_365' title='bbox 703 4355 890 4419; x_wconf 73' lang='lat' dir='ltr'><strong>bestimmtcr’,</strong></span> <span class='ocrx_word' id='word_1_366' title='bbox 917 4355 997 4411; x_wconf 74' lang='lat' dir='ltr'><strong>Tuae.</strong></span> <span class='ocrx_word' id='word_1_367' title='bbox 1015 4355 1056 4410; x_wconf 93' lang='lat' dir='ltr'><strong>IV</strong></span> <span class='ocrx_word' id='word_1_368' title='bbox 1075 4359 1099 4418; x_wconf 74' lang='grc'><strong>7,</strong></span> <span class='ocrx_word' id='word_1_369' title='bbox 1120 4359 1152 4409; x_wconf 80' lang='lat'><strong>14</strong></span> <span class='ocrx_word' id='word_1_370' title='bbox 1175 4374 1219 4410; x_wconf 86' lang='lat' dir='ltr'><strong>eas</strong></span> <span class='ocrx_word' id='word_1_371' title='bbox 1237 4354 1370 4417; x_wconf 77' lang='lat' dir='ltr'><strong>definiunt</strong></span> 
     </span>
    </p>
   </div>
   <div class='ocr_carea' id='block_1_8' title="bbox 0 17 1477 4950">
    <p class='ocr_par' dir='ltr' id='par_1_10' title="bbox 0 17 1477 4950">
     <span class='ocr_line' id='line_1_41' title="bbox 0 17 1477 4950; baseline 0 0"><span class='ocrx_word' id='word_1_372' title='bbox 0 17 1477 4950; x_wconf 95' lang='lat' dir='ltr'><strong> </strong></span> 
     </span>
    </p>
   </div>
  </div>
 </body>
</html>
