3024 4938
241 292 281 354 22
470 289 521 344 Du
539 289 690 344 FINIBUS
708 287 893 344 BONORUM
911 289 958 342 ΕΤ
976 287 1167 343 M'ABORUM

239 460 341 525 rimus
363 459 478 544 igitur,
503 460 581 543 quid
604 460 649 524 sit
672 467 855 525 extremum
879 465 913 522 01
935 457 1091 522 ultimum
1113 459 1285 534 bonorum,
1311 457 1405 542 quod

241 562 386 626 omnium
418 563 691 647 philosophorum
719 562 884 626 sententie
911 561 979 626 tale
1009 560 1109 626 debet
1133 583 1215 639 esse,
1241 566 1278 622 ut
1301 559 1341 622 ad
1368 559 1404 622 id

241 664 350 728 omnia
379 663 493 728 referri
527 671 690 747 oporteat,
722 664 831 748 ipsum
863 671 973 729 autem
1004 686 1178 748 nusquam.
1218 663 1291 726 Hoc
1321 661 1404 746 Epi-

242 789 338 830 curus
361 767 394 830 in
417 767 591 851 voluptate
614 766 720 850 ponit,
754 765 841 850 quod
874 787 1038 830 summum
1069 767 1194 830 bonum
1218 785 1289 830 esse
1312 765 1401 841 vult,

192 907 198 918 ·
241 891 470 954 summumque
508 869 629 932 melum
662 869 830 944 dolorem;
867 867 966 952 idque
998 867 1148 933 instituit
1185 869 1302 932 docere
1334 867 1401 930 sic:

242 969 308 1055 (30)
320 993 415 1036 omne
433 971 566 1049 animal,
584 970 682 1034 simul
698 978 798 1054 etque
814 976 930 1034 nutum
947 969 1002 1048 sit,
1020 971 1229 1054 voluptatem
1245 978 1402 1056 appetere

241 1095 343 1158 ecque
367 1074 511 1157 gaudere
535 1079 573 1136 ut
601 1095 727 1136 summo
752 1075 857 1152 bono,
889 1072 1037 1136 dolorem
1060 1074 1228 1156 aspernari
1250 1079 1288 1136 ut
1311 1093 1402 1135 sum·

240 1197 330 1240 mum
353 1176 475 1238 melum
494 1179 537 1253 et,
563 1181 722 1258 quantum
740 1175 856 1259 possit,
882 1198 900 1238 a
923 1197 957 1238 se
973 1175 1144 1259 repellere,
1168 1174 1266 1261 idque
1291 1173 1402 1237 facere

240 1279 385 1342 nondum
416 1278 646 1361 deprevatum,
679 1277 750 1361 ipse
778 1285 896 1342 nature
924 1279 1112 1362 incorrupte
1141 1284 1241 1360 atque
1268 1277 1402 1362 integre

240 1381 419 1444 iudicante.
451 1381 571 1465 Itaque
587 1387 690 1465 neget
706 1403 787 1465 opus
804 1402 876 1445 esse
892 1381 1019 1445 ratione
1039 1401 1145 1464 neque
1161 1379 1400 1465 disputatione,

241 1506 339 1567 quem
362 1483 404 1548 ob
427 1505 497 1547 rem
519 1484 675 1567 voluptas
699 1483 892 1568 expetenda,
917 1483 1095 1568 fugiendus
1119 1483 1213 1547 dolor
1236 1483 1291 1546 sit.
1317 1484 1400 1546 Sen-

239 1584 295 1648 tiri
324 1587 405 1650 haec
433 1593 547 1669 putat,
577 1592 615 1649 ut
643 1586 749 1650 celere
777 1586 905 1668 ignem,
936 1585 1045 1650 nivem
1074 1605 1145 1650 esse
1174 1585 1300 1663 albam,
1329 1585 1399 1648 mel

240 1687 349 1766 dulce,
374 1711 513 1772 quorum
528 1689 611 1752 nihil
628 1695 779 1772 oportere
795 1689 968 1773 exquisitis
984 1688 1167 1752 rationibus
1192 1689 1398 1764 confirmare,

239 1794 369 1854 tantum
393 1811 465 1854 esse
489 1791 570 1854 satis
593 1790 784 1868 admonere3
819 1791 979 1856 iuteresse
1003 1791 1089 1855 enim
1113 1791 1201 1854 inter
1223 1813 1399 1875 argumen-

239 1898 311 1955 tum
326 1893 646 1979 conclusionemque
677 1894 815 1959 rationis
844 1901 878 1958 et
905 1893 992 1957 inter
1024 1893 1222 1958 mediocrem
1251 1893 1400 1958 animad-

239 1995 425 2060 versionem
448 2003 547 2080 etque
571 1997 847 2074 admonitionem
877 1999 983 2061 altere
1011 1997 1144 2060 occulta
1171 1997 1331 2080 quaedem
1366 2003 1400 2058 et

240 2099 332 2182 quasi
364 2099 514 2164 involuta
546 2101 682 2184 aperiri,
717 2101 822 2164 altera
853 2107 1007 2185 prompte
1038 2106 1072 2162 et
1104 2105 1217 2184 aperte
1248 2099 1398 2164 iudicari.

238 2201 372 2265 Etenim
397 2203 552 2285 quonism
576 2203 734 2267 detractis
763 2205 803 2267 de
832 2202 964 2267 homine
993 2202 1145 2266 sensibus
1173 2201 1291 2286 reliqui
1315 2203 1400 2266 nihil

240 2311 300 2383 est,
323 2326 458 2370 necesse
482 2313 545 2384 est,
572 2306 650 2390 quid
673 2314 731 2369 aut
755 2307 796 2370 ad
820 2312 972 2370 naturam
996 2312 1054 2369 aut
1077 2312 1193 2370 contre
1217 2305 1276 2383 sit,
1301 2329 1320 2368 a
1342 2329 1401 2380 na-

237 2415 313 2470 tura
335 2407 406 2490 ipss
428 2408 577 2471 iudicari.
624 2408 775 2490 Ecquid
802 2407 943 2491 percipit
970 2416 1028 2471 aut
1057 2407 1135 2491 quid
1164 2407 1303 2486 iudicat,
1335 2431 1401 2492 quc

237 2628 469 2709 philosophentur.
504 2631 573 2682 oret.
592 2632 639 2692 33,
659 2629 754 2710 113111
773 2628 915 2710 omnibus,
937 2631 1129 2699 quaeratione
1148 2629 1280 2710 siccentur
1292 2633 1325 2710 ‘et
1343 2631 1398 2690 vie,

237 2715 358 2821 imit
374 2696 596 2820 311333
606 2697 939 2821 retribuitur·
949 2767 1031 2822 000
1045 2697 1398 2822 1111101111111

237 2784 337 2889 011110
350 2784 494 2956 blidinpem
504 2833 589 2888 solbet
599 2835 664 2889 eber
675 2833 829 2904 unbedingt
841 2835 907 2889 sein.
925 2835 1070 2905 Nusquam
1079 2836 1108 2889 in
1121 2834 1169 2889 der
1180 2835 1287 2889 Cleusel
1303 2835 1399 2890 diirfte

237 2904 307 2958 ohne
324 2902 428 2972 Beispie
455 2903 521 2956 sein.
583 2903 686 2974 idque
704 2904 866 2958 instituit
884 2903 1003 2958 docere
1022 2905 1084 2958 sic:
1104 2922 1133 2958 so
1152 2904 1227 2958 steht
1245 2903 1283 2958 sic
1301 2903 1331 2957 in
1348 2905 1398 2958 der

237 2971 346 3026 Cleusel
362 2971 433 3025 euch
450 2971 495 3025 111
512 2975 536 3032 3,
555 2975 597 3025 27.

307 3038 359 3094 30.
395 3058 501 3109 neque
520 3039 572 3094 dis
604 3040 779 3094 ntetioue=
803 3039 847 3094 die
864 3040 1003 3110 Negation
1020 3041 1087 3095 wird
1105 3039 1269 3104 wiederholt‚
1288 3039 1397 3094 obwohl

237 3127 266 3182 n¹
290 3111 319 3162 et
337 3125 402 3162 vore
442 3108 497 3163 eht.
515 3059 600 3162 head
617 3109 648 3162 ΙΙ
660 3113 701 3169 25,
716 3112 748 3162 79
767 3111 799 3162 tu
817 3111 910 3162 autem
928 3113 960 3164 tu
978 3127 1062 3180 negas
1079 3109 1198 3163 infracto
1215 3126 1291 3163 remo
1309 3126 1397 3178 noque

237 3195 267 3231 co
279 3176 376 3231 umbos
394 3177 461 3231 colo
480 3176 650 3231 commoveri.
675 3177 789 3247 Madvig
808 3180 820 3242 5
840 3181 890 3230 458
909 3195 930 3232 0.
948 3179 1029 3232 Anm.
1048 3182 1073 3231 2.
1144 3196 1287 3246 quorum
1305 3176 1398 3231 nihil

238 3248 404 3316 oportere.
424 3245 475 3300 Die
487 3245 606 3301 Hdschr.
619 3246 708 3301 haben
725 3245 782 3300 fast
799 3246 1059 3300 iibereinstimmend
1077 3249 1219 3316 oporteret,
1239 3245 1302 3300 uber
1322 3246 1397 3299 donn

238 3317 343 3370 miisste
361 3314 431 3368 euch
448 3317 559 3369 tentum
577 3316 646 3369 setis
664 3318 735 3370 esset
759 3315 863 3370 stehen.
900 3315 962 3384 Vgl.
981 3334 1002 3369 c.
1022 3319 1045 3377 3,
1067 3319 1098 3368 13
1116 3333 1147 3368 ex
1166 3333 1219 3384 quo
1238 3315 1397 3368 efficeretur.

237 3383 427 3452 exquisitis
444 3383 649 3438 rationibus
674 3383 734 3437 ‘mit
752 3384 836 3437 tiefen
853 3383 1092 3454 philosophischen
1110 3383 1258 3446 Griinden’,
1283 3383 1364 3436 Tuso.
1382 3383 1397 3436 Ι

237 3456 278 3516 48,
300 3456 348 3505 116
366 3453 487 3506 rationes
506 3469 551 3506 ese
588 3470 638 3506 uae
656 3451 816 3521 exquisitius
834 3470 851 3506 a
868 3452 1037 3522 philosophis
1061 3451 1234 3522 colliguntur.
1321 3455 1397 3505 ten·

236 3524 306 3575 tum
333 3521 425 3574 setis
453 3538 526 3574 esse
552 3471 736 3576 admonere
763 3526 798 3575 ‘es
825 3521 864 3575 sei
888 3521 972 3576 echon
989 3539 1042 3602 gen
1098 3521 1184 3574 deren
1202 3539 1236 3575 zu
1255 3520 1397 3574 erinnern’.

236 3589 358 3644 Tantum
370 3589 437 3643 setis
449 3589 488 3643 ist
499 3589 619 3658 ellm'e'lig
637 3589 682 3644 din
694 3590 800 3660 Bogriff
813 3591 962 3658 geworden‚
981 3593 1072 3659 ergent
1083 3589 1126 3642 'ch
1145 3595 1205 3643 ‘nur
1222 3588 1308 3642 dieses
1327 3586 1397 3655 (und

236 3657 314 3711 nicht
332 3657 419 3724 mehr)
437 3657 475 3712 ist
492 3659 600 3728 genug'.
624 3658 657 3712 de
676 3661 744 3713 oret.
762 3659 792 3714 II
810 3663 850 3721 32,
874 3662 921 3711 139
940 3661 1050 3712 tentum
1068 3658 1136 3712 setis
1156 3661 1198 3713 est
1216 3657 1345 3728 intellegi,
1364 3672 1397 3711 ne

236 3726 288 3780 hoc
306 3726 415 3793 quidem
433 3744 477 3780 eos
496 3729 665 3780 consecutos.
683 3745 721 3781 or.
739 3746 766 3797 p.
784 3727 858 3781 Sulla
880 3731 919 3790 13,
937 3731 970 3779 33
989 3727 1045 3781 iem
1063 3744 1118 3780 non
1136 3743 1246 3796 quaero,
1283 3729 1397 3796 urgetnc

235 3793 347 3849 (lessius
366 3793 483 3859 Sullem;
511 3795 577 3848 illud
595 3795 665 3849 mihi
682 3798 792 3849 tantum
811 3797 878 3851 estis
897 3799 950 3859 est,
970 3797 1064 3850 contre
1083 3795 1186 3850 Sullam
1205 3745 1281 3849 nihii
1292 3812 1349 3848 esse
1367 3793 1396 3846 in

237 3861 347 3917 indicio.
417 3862 529 3916 altere
548 3864 681 3917 occulta
699 3867 750 3918 etc.
769 3864 824 3918 Der
842 3863 1084 3919 Vernunftschluss
1103 3863 1250 3930 (conclusio
1269 3863 1395 3927 rationis)

238 3930 331 3985 mecht
349 3930 398 3984 des
416 3930 557 3985 Verhiillte
573 3931 631 3986 und
649 3933 821 4002 Verbcrgene
838 3933 910 3997 hier,
938 3932 1066 3988 wiihrend
1084 3933 1128 3987 110
1144 3931 1320 4000 Erinnerung
1338 3930 1395 3998 (ed-

237 3998 365 4064 monitio)
385 3997 443 4052 sich
456 4019 508 4054 nur
526 4018 561 4054 cn
579 4000 628 4054 des
646 4002 713 4067 1111,
733 4021 787 4058 was
806 4002 891 4056 sehon
909 4002 1030 4056 offenber
1047 4002 1091 4055 ist.
1163 4000 1339 4055 detractis
1358 3998 1396 4052 de

192 4115 197 4126 ,
237 4066 372 4122 homine
391 4069 567 4134 sensibus,
594 4071 647 4140 vgl.
666 4089 688 4125 c.
709 4075 750 4135 13,
768 4075 800 4123 43
820 4071 968 4126 terroribus
992 4069 1243 4141 cupiditatibusque
1266 4068 1395 4124 detractis

238 4137 266 4189 01
284 4137 407 4190 omnium
425 4137 556 4192 falsarum
574 4139 733 4209 opinionum
751 4138 905 4194 temeritate
924 4138 1042 4210 derepta.
1078 4157 1116 4193 or.
1134 4159 1160 4210 p.
1179 4138 1253 4192 Sulla
1273 4145 1295 4201 l,
1315 4141 1330 4190 2
1349 4136 1395 4190 eli·

255 4203 303 4258 uid
322 4223 350 4259 se
367 4205 400 4260 de
418 4207 582 4262 auctoritate
601 4226 675 4264 mese
687 4207 854 4264 defensionis
865 4226 944 4278 posse
956 4207 1104 4262 detrahere.
1176 4207 1217 4260 sd
1235 4211 1395 4261 naturam

236 4278 245 4300 ⁴
265 4291 293 4326 er
310 4273 402 4329 Natur
419 4277 543 4346 gemdss’.
