2942 4950
352 307 414 364 Ius.
432 309 465 364 V.
502 310 567 365 Dan.
586 311 755 365 VII-VIII.
793 314 821 376 ἐξ
842 316 951 365 19-22.
1160 315 1223 378 229
1397 349 1398 354 =
1425 375 1431 384 ,,

76 479 286 544 vehementer.
332 479 421 544 Nam
443 481 626 564 voluptatis
648 503 746 546 causa
761 480 869 546 facere
887 482 1005 561 omnia,
1032 504 1105 546 cum
1122 483 1223 547 etiam

75 579 97 641 si
113 578 190 642 nihil
208 602 459 664 consequamur,
476 587 590 646 tamen
604 581 712 666 ipsum
728 583 813 646 illud
829 582 1001 647 consilium
1017 583 1065 647 ita
1080 582 1223 649 faciendi

74 701 175 763 perse
199 683 423 766 expetendum
446 691 481 747 et
503 687 680 750 honestum
705 693 739 748 et
763 684 1016 749 solumbonum
1041 686 1101 765 sit,
1125 708 1222 750 nemo

74 783 155 848 dixit.
200 787 253 851 Ne
276 787 474 850 vitationem
497 788 629 872 quidem
652 788 774 852 doloris
798 789 901 872 ipsam
922 811 1031 872 perse
1048 789 1222 873 quisquam

73 886 213 953 inrebus
238 889 434 974 expetendis
457 891 605 976 putavit,
639 887 701 956 nisi
731 891 832 956 etiam
856 892 978 956 evitare
1001 898 1127 975 posset.
1174 895 1223 956 At
1309 909 1314 913 ·

72 1010 136 1053 vero
158 989 267 1056 iacere
293 991 412 1070 omnia,
437 998 475 1056 ut
498 990 717 1076 adipiscamur
745 1015 828 1077 quae
861 994 1044 1058 secundum
1070 999 1223 1057 naturam

72 1090 142 1170 sint,
174 1092 277 1157 etiam
310 1094 338 1156 si
361 1115 399 1157 ea
422 1117 489 1158 non
511 1116 743 1178 assequamur,
775 1095 810 1160 id
834 1117 906 1159 esse
930 1103 965 1160 et
986 1097 1164 1160 honestum
1189 1104 1223 1160 et

72 1193 165 1256 solum
195 1217 255 1278 per
290 1191 325 1259 se
358 1196 579 1280 expetendum
612 1204 647 1259 et
679 1183 786 1260 solum
817 1198 942 1260 bonum
966 1197 1070 1262 Stoici
1094 1196 1219 1260 dicunt.

72 1291 158 1358 VIII.
191 1292 251 1378 (21)
277 1298 342 1359 Sex
365 1296 468 1380 igitur
493 1298 554 1360 hae
577 1303 655 1360 sunt
677 1297 843 1382 simplices
860 1297 901 1361 de
917 1321 1045 1362 summa
1061 1293 1222 1362 bonorum
1302 1314 1306 1322 ·

71 1396 284 1482 malorumque
302 1397 497 1476 sententiae,
524 1399 607 1463 dnae
624 1397 694 1462 sine
710 1405 862 1482 patrono,
880 1403 1037 1483 quattuor
1054 1399 1220 1463 defensae.

72 1497 194 1565 Iunctae
227 1508 340 1566 autem
373 1510 407 1565 et
438 1501 586 1586 duplices
619 1501 843 1586 expositiones
881 1503 1001 1566 summi
1039 1495 1119 1566 boni
1153 1508 1221 1566 tres

72 1603 188 1667 omnino
213 1603 365 1681 fuerunt,
391 1625 452 1668 nec
476 1625 553 1669 vero
576 1605 687 1687 plures
694 1654 704 1683 ,
730 1605 758 1669 si
781 1605 914 1689 penitus
937 1628 1047 1670 rerum
1069 1613 1221 1669 naturam

71 1701 186 1782 videas,
219 1727 293 1769 esse
325 1713 517 1789 potuerunt.
564 1707 653 1770 Nam
685 1717 743 1771 aut
774 1709 928 1792 voluptas
952 1707 1088 1792 adiungi
1110 1712 1222 1792 potest

72 1803 105 1864 ad
131 1806 360 1881 honestatem,
394 1815 433 1871 ut
456 1806 663 1891 Calliphonti
691 1807 964 1895 Dinomachoque
987 1809 1129 1895 placuit,
1164 1817 1222 1872 aut

72 1903 178 1970 doloris
194 1907 356 1988 vacuitaS,
381 1917 419 1972 ut
435 1909 594 1988 Diodoro,
619 1917 676 1974 aut
703 1912 808 1994 prima
830 1921 978 1991 naturae,
1002 1918 1041 1975 ut
1063 1911 1219 1994 antiquis,

72 2029 139 2090 quos
162 2011 299 2076 eosdem
321 2012 540 2076 Academicos
565 2018 599 2076 et
622 2013 866 2098 Peripateticos
889 2014 1108 2078 nominamus.
1155 2012 1221 2075 Sed

71 2112 209 2191 quoniam
233 2137 302 2178 non
324 2121 465 2198 possunt
488 2115 596 2179 omnia
619 2115 718 2179 simul
746 2115 828 2195 dici,
862 2117 944 2180 haec
972 2116 1006 2178 in
1033 2113 1221 2200 praesentia

71 2219 138 2276 nota
159 2235 229 2280 esse
254 2216 443 2295 debebunt,
475 2217 685 2302 voluptatem
708 2220 941 2283 semovendam
965 2239 1054 2296 esse,
1088 2215 1219 2300 quando

70 2315 104 2377 cd
134 2319 256 2384 maiora
288 2320 471 2403 quaedam,
504 2325 542 2383 ut
571 2321 637 2385 iam
669 2322 861 2406 apparebit,
896 2321 968 2386 nati
999 2341 1124 2383 sumus.
1169 2321 1220 2401 De

70 2419 220 2486 vacuItate
244 2422 370 2487 doloris
394 2421 509 2487 eadem
532 2422 600 2488 fere
625 2423 690 2487 dici
718 2425 828 2488 solent
856 2445 939 2508 quae
969 2424 1008 2486 de
1033 2423 1219 2505 voluptate.

70 2517 123 2604 (22)
148 2525 219 2590 Nec
243 2548 323 2590 vero
347 2526 412 2590 alia
436 2534 514 2590 sunt
538 2528 724 2612 quaerenda
752 2535 868 2592 contra
891 2527 1107 2592 Carneadiam
1129 2524 1222 2589 illam

69 2629 268 2693 sententiam.
315 2629 533 2713 Quocumque
567 2631 654 2714 enim
689 2631 787 2696 modo
822 2653 987 2696 summum
1019 2631 1143 2695 bonum
1174 2627 1220 2690 sic

70 2730 245 2813 exponitur,
282 2739 321 2796 ut
349 2733 382 2797 id
410 2740 507 2798 vacet
536 2736 728 2814 honestate,
763 2756 823 2800 nec
854 2735 963 2799 officia
990 2756 1051 2799 nec
1079 2733 1219 2796 virtutes

68 2823 96 2888 in
121 2851 156 2894 ea
182 2835 312 2899 ratione
343 2855 405 2898 nec
433 2834 596 2899 amicitiae
630 2843 782 2901 constare
816 2842 967 2920 possunt.
1022 2833 1219 2900 Coniunctio

127 3033 176 3090 20.
210 3039 297 3093 Nam
321 3037 518 3110 voluptatis
545 3056 646 3092 causa
672 3038 784 3092 facere
812 3039 935 3093 omnia.
970 3037 1079 3092 Diesem
1097 3037 1220 3092 Infinitiv

68 3103 207 3172 entspricht
223 3108 304 3162 nicht
322 3125 400 3162 nemo
419 3107 497 3161 dixit.
534 3107 588 3161 Cic.
617 3125 662 3161 ver
682 3125 727 3160 ass
754 3107 783 3159 in
801 3105 885 3177 Folge
913 3106 960 3161 dea
989 3105 1221 3176 eingeschobenen

69 3165 151 3226 Satzes
169 3193 229 3231 cum
249 3207 282 3216 -
302 3175 388 3230 solum
407 3176 510 3230 bonum
528 3175 566 3229 sit
584 3174 637 3230 den
660 3233 662 3236 ,
682 3175 784 3244 nfang‚
804 3174 850 3228 der
868 3174 947 3228 nicht
964 3187 1043 3228 nemo
1062 3173 1140 3236 dixit,
1160 3191 1218 3227 son·

69 3234 125 3314 dem
141 3245 207 3299 etwa
225 3263 306 3301 nemo
324 3244 504 3317 expetendum
522 3247 605 3315 putat
622 3249 754 3299 erwarten
765 3243 842 3297 liisst.
913 3241 1046 3297 evitare
1064 3241 1222 3296 bezeichnet

69 3301 106 3386 ὼς
120 3309 263 3385 Wirkung,
281 3313 369 3368 vitare
387 3313 439 3368 den
457 3313 580 3368 Versuch
607 3312 654 3367 des
672 3310 856 3368 Vermeidens.
891 3311 994 3366 Seneca
1013 3329 1052 3381 ep.
1071 3309 1125 3363 XV
1144 3315 1167 3374 1,
1181 3315 1219 3390 '12

69 3375 126 3440 (llud
143 3383 234 3438 autem
254 3382 288 3436 ad
306 3400 363 3437 rem
380 3382 517 3452 pertinet,
545 3382 694 3453 quamdiu
712 3383 795 3446 vitea,
814 3379 887 3451 quod
906 3380 1008 3434 evitare
1034 3398 1090 3433 non
1115 3384 1220 3449 possis?

127 3465 301 3538 Aufzthlung
319 3469 366 3524 der
384 3469 443 3524 drei
461 3468 613 3524 Anaichten
630 3469 700 3525 iiber
719 3469 768 3524 das
787 3467 902 3523 hdchste
928 3467 987 3522 Gut
1013 3466 1042 3520 in
1069 3465 1142 3520 ihrer
1168 3463 1219 3546 Du-

69 3540 293 3607 summenseezung
311 3537 382 3592 nach
399 3537 559 3592 Carneades.
596 3537 653 3592 Das
671 3538 786 3593 hdchste
804 3537 863 3590 eut
880 3537 918 3590 ist
946 3537 971 3600 1)
989 3535 1060 3589 Lust
1078 3534 1134 3588 und
1153 3533 1220 3614 S1tt-

69 3592 170 3658 llchkeit
188 3605 322 3677 (Callipho
342 3606 399 3661 und
416 3606 625 3673 Dinomachus),
656 3609 683 3673 2)
703 3605 880 3665 Schmerzlosi
901 3604 958 3658 neit
976 3603 1032 3659 und
1051 3601 1220 3670 Sittnchkec

70 3662 198 3747 (Diodor),
227 3679 255 3742 3)
274 3675 317 3729 dio
335 3679 424 3729 ersten
442 3674 706 3730 Naturbediirfnisse
724 3674 782 3729 und
799 3674 892 3729 Sittlic
912 3673 971 3728 keit
990 3672 1045 3738 (die
1062 3672 1135 3726 alten
1152 3674 1220 3726 Aca-

70 3729 178 3796 demiker
195 3743 252 3797 und
269 3743 487 3814 Peripatetilxer).
524 3745 576 3799 Die
593 3743 802 3812 Entwickelung
821 3744 867 3798 der
885 3743 1015 3797 letnteren
1034 3739 1083 3795 soll
1100 3740 1152 3794 den
1170 3740 1220 3795 Ge·

70 3809 193 3866 sentuno
212 3812 259 3866 der
277 3813 403 3868 weiteren
420 3813 634 3884 Untersuchung
652 3813 750 3868 bilden.
787 3811 864 3882 (Cap.
883 3814 919 3877 8.)

131 3873 177 3932 21.
214 3881 397 3936 desummo.
416 3881 581 3936 bonorum
600 3882 847 3950 malorumque:
874 3878 958 3934 Acad.
977 3879 1007 3934 Π
1025 3883 1066 3942 42,
1087 3883 1136 3932 129
1154 3879 1220 3933 fines

71 3944 244 4004 constituendi
271 3955 353 4014 sunt,
381 3949 416 4003 ad
443 3968 511 4020 quos
539 3955 566 4006 et
592 3949 726 4006 bonorum
753 3955 780 4004 et
802 3949 936 4006 malorum
955 3966 1062 4003 summa
1079 3948 1220 4002 referatur.

71 4001 231 4085 Callipho,
249 4018 500 4083 Dinomachus,
518 4019 697 4074 Diodorus
716 4038 737 4072 s.
755 4038 790 4073 zu
807 4019 879 4081 116,
899 4021 940 4072 19.
1036 4015 1168 4087 quando
1191 4041 1215 4061 =

71 4081 188 4164 imiimi
206 4085 269 4168 oder
287 4087 507 4168 quandoquidem
533 4087 571 4143 ist
598 4088 685 4143 aelten
711 4087 754 4143 bei
781 4086 837 4141 eic.
872 4087 898 4139 V
917 4086 934 4140 l
953 4105 975 4140 c.
993 4090 1035 4150 23,
1054 4089 1087 4138 ot
1105 4083 1221 4164 Quando

71 4149 885 4294 letitie.hhlffttitll?.‘{.¹.¹tttt¹ss;..d.¹.¹⁹t.¹
897 4152 1219 4283 ..liattllfifflitslt

72 4285 170 4345 eundo
188 4292 258 4348 enim
276 4311 318 4348 me
336 4293 366 4347 in
384 4294 456 4347 hunc
474 4293 564 4348 locum
584 4292 697 4349 deduxit
715 4294 812 4349 oratio.
