2942 4950
337 317 399 372 ns.
417 315 465 371 1v.
502 315 566 371 eff.
586 315 796 372 nun-xix.
833 321 861 384 11
881 323 991 374 49-52.
1184 321 1244 385 199
1283 325 1286 332 ⁴
1357 389 1359 396 ,

81 489 265 554 laudabile.
312 487 403 552 Illud
424 510 502 553 vero
524 488 657 554 minime
682 490 939 568 consectarium,
974 484 1033 553 sed
1063 488 1098 552 in
1129 490 1245 573 primis

82 591 190 654 hebes
212 591 346 655 illorum
369 589 516 669 scilicet,
549 613 614 655 non
637 595 751 670 tuum,
785 591 982 676 gloriatione
1006 590 1141 675 dignam
1173 614 1244 657 esse

81 695 219 758 beatem
243 692 364 772 vitam,¹
383 692 471 776 quod
493 715 560 757 non
582 693 694 777 possit¹
712 695 782 758 sine
805 695 981 758 honestate
998 694 1245 778 contingerent

79 797 156 860 iure
189 795 361 880 quisquam
393 795 565 878 glorietur.
612 793 671 880 (bl)
703 795 809 860 Dabit
839 798 903 860 hoc
934 796 1059 860 Zenoni
1089 797 1242 862 Polemo:

81 897 188 962 etiam
210 897 370 980 magister
393 895 462 960 eius
487 903 520 960 et
542 887 616 960 tota
638 896 697 960 ille
712 918 795 980 gens
812 905 846 961 et
861 897 989 980 reliqui,
1014 897 1071 981 qui
1085 899 1245 970 virtutem

80 998 241 1064 omnibus
264 999 362 1063 rebus
385 998 491 1062 multo
516 1005 756 1083 anteponentes
781 999 967 1083 adiungunt
991 999 1020 1062 ei
1042 1004 1153 1064 tamen
1185 1001 1245 1066 ali·

80 1102 167 1186 quid
190 1124 318 1166 summo
350 1102 385 1166 in
416 1103 502 1165 bono
535 1102 689 1166 finiendo.
738 1101 773 1166 Si
805 1103 892 1165 enim
923 1102 1029 1166 virtus
1062 1103 1161 1187 digne
1193 1111 1245 1168 est

80 1205 306 1290 gloriatione,
341 1210 472 1281 otest,
505 1210 702 1288 tentumque
726 1210 875 1287 praestet
897 1198 1032 1288 reliquis
1055 1206 1174 1286 rebus,
1207 1215 1245 1272 ut

80 1305 153 1371 diei
175 1307 231 1370 vix
253 1306 370 1392 possit,
396 1309 430 1370 et
452 1305 571 1369 beatus
596 1328 666 1369 esse
689 1305 814 1390 poterit
835 1305 960 1370 virtute
982 1330 1049 1371 una
1064 1308 1244 1392 praeditus,

80 1431 213 1502 eruens¹
226 1409 355 1488 ceteris,
380 1429 442 1471 nec
463 1414 576 1472 tamen
599 1408 684 1472 illud
705 1407 769 1471 tibi
792 1407 963 1488 concedet,
989 1417 1120 1494 praeter
1141 1410 1245 1475 virtu·

79 1519 155 1576 tem
179 1510 262 1576 nihil
284 1513 319 1576 in
341 1511 437 1575 bonis
461 1532 533 1574 esse
558 1511 757 1575 ducendum.
786 1511 845 1573 Illi
869 1517 990 1590 eutem,
1016 1511 1134 1595 quibus
1158 1536 1246 1577 sum·

81 1637 176 1678 mum
200 1615 324 1679 bonnm
347 1613 417 1678 sine
440 1613 564 1678 virtute
588 1620 659 1693 est,
693 1636 759 1677 non
791 1613 918 1678 dabunt
949 1614 1109 1694 fortasse,
1143 1601 1258 1680 vitem¹

81 1717 217 1781 beatem
241 1716 374 1794 habere,
400 1716 435 1778 in
458 1737 522 1799 quo
545 1715 652 1798 possit
674 1715 744 1779 iure
768 1715 918 1799 gloriari:
953 1715 1017 1780 etsi
1040 1716 1090 1780 illi
1114 1717 1246 1801 quidem

88 1819 187 1884 etiem
211 1820 401 1902 voluptates
425 1817 553 1883 faciunt
576 1818 742 1883 interdum
765 1818 940 1902 gloriosas.
975 1819 1072 1884 XIX.
1098 1815 1162 1905 (52)
1187 1821 1247 1884 Vi-

85 1921 143 1986 des
168 1921 271 2006 igitur
293 1929 327 1986 te
351 1928 410 1984 eut
431 1943 470 1985 ee
493 1943 632 2000 sumere,
659 1944 741 2006 qnae
764 1943 831 1986 non
856 1922 1090 2001 concedentur,
1116 1930 1174 1988 eut
1197 1945 1244 2003 ee,

81 2047 170 2108 quae
194 2026 295 2090 etiam
319 2046 475 2089 concessa
498 2030 531 2089 te
555 2024 639 2088 nihil
661 2025 788 2089 iuvent.
834 2024 999 2108 Equidem
1026 2026 1060 2090 in
1093 2026 1245 2090 omnibus

80 2127 159 2192 istis
184 2127 451 2192 conclusionibus
484 2129 547 2191 hoc
584 2133 736 2211 putarem
763 2126 973 2210 philosophie
1003 2127 1164 2211 nobisque
1197 2127 1245 2191 di-

80 2253 199 2314 gnum,
225 2237 260 2293 et
275 2230 428 2319 menime,
455 2251 529 2293 cnm
546 2251 710 2293 summum
729 2227 854 2293 bonum
878 2250 1117 2313 quaereremus,
1142 2229 1246 2294 vitem

80 2339 245 2410 nostram,
271 2333 418 2412 consilia,
444 2333 646 2410 voluntates
671 2354 738 2395 non
761 2331 863 2396 verbe
887 2331 1018 2414 corrigi.
1052 2330 1134 2396 (luis
1159 2331 1246 2395 enim

79 2441 199 2520 potest
220 2435 305 2515 istis,
332 2425 493 2519 quae-te,
519 2441 557 2498 ut
580 2435 647 2514 eis,
682 2434 869 2513 delectent,
902 2433 1059 2498 brevibus
1083 2440 1117 2498 et
1141 2434 1246 2498 acutis

79 2659 180 2730 haupt.
208 2659 292 2713 Zeller
309 2659 362 2724 ΠΙ,
383 2658 418 2712 1²
436 2657 464 2714 S.
484 2663 532 2713 195
550 2659 631 2713 Anm.
652 2663 664 2711 1
684 2658 840 2714 vermuthet
857 2655 974 2712 validius
993 2661 1027 2712 11.
1046 2656 1172 2711 vitiosius
1191 2656 1248 2711 und

82 2727 227 2792 bemerkt,
252 2728 315 2782 dass
333 2728 391 2782 sich
409 2727 453 2782 die
471 2727 579 2782 Stoiher
605 2745 668 2782 zum
685 2727 804 2782 Beweise
830 2726 902 2781 ihres
921 2726 1015 2781 Setzes
1038 2725 1116 2795 jener
1133 2725 1247 2780 Ketten-

80 2798 208 2852 schliisse
226 2797 336 2852 bedient
353 2798 458 2860 hetten,
477 2795 521 2850 die
538 2795 582 2851 bei
599 2796 682 2850 ihnen
700 2814 730 2850 10
748 2794 848 2850 beliebt
866 2795 947 2850 seien.
1016 2812 1092 2849 vero
1111 2794 1247 2849 ‘vollends’
1266 2862 1267 2865 Ἴ

81 2885 102 2920 s.
121 2885 161 2921 zu
178 2867 250 2930 117,
270 2869 311 2920 20.
398 2864 537 2920 illorum
556 2864 704 2928 scilicet,
723 2868 901 2919 nortuum
924 2869 960 2918 ‘es
978 2862 1100 2919 versteht
1117 2862 1184 2927 sich,
1203 2862 1247 2918 die

81 2934 271 3004 Schluesfolge
289 2935 336 2988 der
354 2933 469 2998 81011111,
488 2934 566 2988 nicht
584 2933 627 2987 die
645 2933 768 3002 deinige’.
805 2933 830 2986 V
850 2939 873 2995 1,
892 2937 908 2985 3
926 2933 1046 2986 inaniter
1063 2931 1182 2996 seilicet,
1201 2930 1247 2986 sed

81 3003 236 3058 commovit
254 3007 355 3057 temen.
430 3002 518 3073 quod
535 3021 602 3056 non
619 3002 732 3072 possit
749 3005 799 3056 eto.
835 3003 893 3055 Auo
912 3002 973 3055 dem
991 3001 1149 3056 Causelsetz
1167 3000 1247 3071 folgt,

83 3071 149 3126 (1111
168 3071 222 3127 (iic.
241 3071 299 3126 sich
318 3090 347 3125 so
365 3070 435 3126 habe
452 3071 621 3126 ausdriicken
638 3070 741 3132 wellen,
759 3070 799 3123 als
817 3069 851 3124 ob
870 3068 913 3123 die
932 3069 1039 3124 Stoiker
1057 3069 1166 3132 dareus,
1184 3069 1247 3123 dass

86 3141 149 3193 sich
168 3140 234 3194 ohne
246 3141 363 3210 Tugend
381 3139 507 3194 niemand
526 3140 578 3193 mit
589 3139 678 3194 Recht
689 3139 805 3194 riibmen
817 3137 916 3200 lro'nne,
934 3137 1075 3208 folgerten,
1095 3139 1143 3192 des
1173 3137 1247 3192 liick·

88 3207 175 3278 selige
190 3209 279 3264 Ireben
298 3210 336 3263 sei
353 3208 578 3270 riihmenswerth,
594 3208 678 3277 jenen
691 3208 754 3261 Satn
766 3207 830 3260 aber
842 3206 882 3260 als
895 3206 1065 3275 eingerdumt
1083 3157 1246 3273 enndhmen,

86 3275 153 3331 dass
172 3276 290 3333 desselbe
308 3277 529 3358 sittliohguttsei.
546 3277 619 3332 Dem
637 3275 712 3330 steht
729 3273 793 3330 eber
811 3273 854 3328 die
867 3274 981 3328 Theorie
999 3274 1173 3357 d⁰r..St⁰il.‘³¹'
1191 3277 1247 3328 ent·

82 3341 1247 3492 11111111111111111111111111111111111

83 3485 280 3540 menswerthes
298 3485 383 3540 zieme
400 3502 453 3538 nur
470 3483 518 3538 der
535 3483 666 3554 legend,
685 3483 738 3538 den
756 3482 883 3544 Scblnss,
908 3481 956 3536 des
993 3480 1139 3550 liioksehge
1157 3479 1248 3534 Iseben

83 3553 124 3607 sei
143 3553 310 3624 sittlichgut.
346 3554 414 3607 Man
431 3553 521 3617 nieht,
548 3551 611 3606 dess
638 3551 695 3606 cis.
716 3551 760 3607 die
787 3499 1248 3606 110111118011111111110111111111

83 3623 142 3676 nnd
162 3622 212 3677 des
230 3626 300 3676 erste
312 3621 391 3677 Glied
409 3621 548 3676 desselben
566 3621 618 3675 mit
636 3619 705 3684 dom,
724 3639 778 3675 wes
797 3639 847 3675 ens
865 3618 927 3674 dem
944 3637 1049 3689 genuen
1061 3618 1186 3673 Schlusse
1204 3633 1247 3688 ge·

83 3691 187 3763 folgert
205 3691 305 3756 werde,
323 3691 496 3746 verwechselt
512 3691 570 3744 hat.
589 3691 623 3744 In
641 3690 728 3744 seiner
740 3689 937 3810 Widerleguni
945 3687 999 3742 will
1011 3705 1039 3742 er
1056 3687 1158 3758 zeigen,
1176 3686 1247 3751 deos,

83 3778 165 3816 uenn
183 3760 254 3814 euch
271 3777 306 3816 zu
326 3759 426 3830 egebsu
443 3759 546 3822 werde,
574 3757 637 3813 dees
655 3757 704 3812 das
730 3757 896 3828 gliiokselige
939 3756 1005 3811 eben
1031 3756 1249 3812 riihmenswerth

84 3830 124 3884 sei
141 3828 202 3884 und
220 3829 276 3883 dies
295 3779 365 3882 ohne
383 3827 497 3899 Tugend
515 3827 593 3882 nicht
610 3826 761 3896 geschehen
778 3827 884 3891 kbnne,
904 3825 1026 3880 dennoch
1045 3825 1154 3880 biereus
1172 3825 1249 3880 nicht

85 3897 167 3970 fulge,
187 3897 250 3951 dass
267 3898 297 3952 in
315 3897 468 3952 demselben
485 3897 577 3951 nichts
595 3896 735 3950 enthelten
753 3895 792 3950 sei
809 3913 902 3950 ausser
919 3894 966 3950 der
983 3894 1105 3966 Tugend.
1133 3894 1247 3961 (Madv.)

157 3965 206 4020 51.
237 3966 405 4036 magister
422 3966 510 4020 eiusr
529 3965 652 4020 Polemos
671 3964 772 4020 Lehrer
790 3983 845 4019 war
862 3964 1036 4019 Xenocrates.
1095 3967 1170 4018 tota
1187 3963 1248 4018 illc

84 4053 183 4105 gens:
203 4038 268 4101 §.49
287 4038 348 4090 tote
365 4035 411 4089 ille
429 4033 542 4089 familia.
590 4037 839 4115 anteponentes
858 4034 1001 4098 concessis,
1021 4032 1071 4088 wie
1088 4051 1138 4087 eus
1156 4035 1248 4087 temen

85 4104 244 4159 ersichtlich
262 4104 307 4158 111.
377 4107 415 4158 ut
432 4103 502 4158 dici
519 4102 572 4157 vix
589 4105 701 4174 possrt
718 4101 801 4156 nimi.
819 4105 954 4172 quantum
971 4104 1098 4174 praestet.

159 4172 209 4227 52.
245 4172 279 4226 in
298 4172 454 4228 omnibus
471 4172 556 4226 11111
575 4170 856 4226 conclusionibus
875 4170 925 4242 eig.
944 4172 974 4224 in
991 4168 1100 4226 Betreff
1112 4169 1177 4223 aller
1194 4166 1249 4221 die·

86 4259 131 4294 ser
148 4242 275 4297 Sohliisse
293 4242 356 4296 roho
373 4241 417 4296 ioh
436 4240 500 4305 dies,
520 4240 582 4295 deos
600 4241 645 4296 ich
664 4259 691 4294 es
709 4239 756 4294 fiir
773 4239 820 4294 der
838 4241 949 4300 Philoso
967 4240 1012 4295 hie
1030 4237 1137 4306 wiirdig
1154 4235 1248 4291 hulten

86 4309 187 4376 wtirde,
206 4329 284 4367 wenn
302 4311 388 4365 durch
406 4310 445 4365 sie
463 4309 511 4364 dar
529 4309 621 4366 heben
638 4309 775 4381 gobessert
793 4308 893 4365 wiirde.
924 4312 934 4376 (
967 4309 1039 4374 adv.)
1114 4305 1196 4360 istis
1216 4333 1247 4345 -
