3024 4938
227 317 269 378 26
458 313 509 366 Dll
528 311 679 368 FINIBUS
698 311 882 367 BONORUM
900 311 947 366 ΕΤ
966 310 1154 366 MALORUM

226 483 412 566 tellegebat
436 482 596 547 contineri
619 505 723 547 suam.
753 481 818 565 (36)
843 483 955 565 Atque
979 483 1061 545 haec
1084 481 1169 546 ratio
1189 483 1255 546 late
1278 488 1394 566 patet.
1503 485 1504 488 ’

226 586 355 668 Inque
379 585 465 649 enim
489 584 629 648 maxime
654 585 828 650 consuevit
849 584 972 649 iactare
996 591 1108 648 vestra
1129 606 1164 649 se
1188 583 1303 661 oratio,
1327 590 1397 646 tua

227 688 431 771 praesertim,
457 686 513 770 qui
536 687 683 752 studiose
708 687 845 770 antiqua
867 687 1088 770 persequeris,
1114 687 1211 752 claris
1235 693 1269 750 et
1291 686 1395 751 lorti-

227 791 289 854 bus
312 789 390 856 viris
414 790 707 854 commemorandis
731 811 909 874 eorumque
933 789 1031 854 factis
1063 813 1129 854 non
1161 791 1394 854 emolumento

227 892 347 976 aliquo,
372 892 431 955 sed
447 892 549 977 ipsius
566 891 752 958 honestatis
769 891 886 956 decore
902 890 1088 970 laudandis,
1112 891 1145 955 id
1161 895 1270 957 toturn
1294 913 1395 955 ever·
1504 967 1505 984 ,

225 995 310 1059 titur
333 1017 371 1059 eo
395 995 529 1060 delectu
552 1017 671 1074 rerum,
697 1017 794 1079 quem
818 995 915 1060 modo
940 995 1020 1073 dixi,
1045 995 1242 1074 constituto,
1266 1002 1305 1058 ut
1327 1002 1395 1058 aut
1504 989 1505 994 ’

227 1099 416 1183 voluptates
440 1099 638 1162 omittantur
670 1099 828 1163 maiorum
861 1100 1073 1183 voluptatum
1100 1098 1395 1182 adipiscendarum

227 1221 325 1264 causa
343 1209 402 1263 aut
425 1200 555 1264 dolores
580 1201 802 1284 suscipiantur
824 1201 983 1266 maiorum
1006 1201 1159 1264 dolorum
1182 1199 1394 1284 effugiendo·

226 1325 298 1367 rum
321 1302 441 1386 gratia.

311 1405 374 1468 XI.
399 1402 461 1488 (37)
486 1406 552 1470 Sed
575 1405 615 1470 de
639 1406 802 1470 clarorum
825 1405 995 1470 hominum
1020 1404 1117 1470 lactis
1140 1405 1326 1470 illustribus
1350 1411 1393 1469 et
1505 1495 1506 1500 γ

227 1505 379 1590 gloriosis
403 1507 484 1570 satis
508 1508 668 1572 hocloco
693 1508 820 1571 dictum
844 1514 911 1583 est;
947 1507 1010 1572 erit
1041 1507 1128 1571 euim
1156 1507 1221 1570 iam
1252 1507 1292 1570 de
1316 1528 1391 1570 cm·
1505 1549 1506 1580 ι

226 1610 317 1672 ιιίιιιιι
333 1610 494 1672 virtutum
512 1631 610 1674 cursu
625 1609 667 1672 ad
683 1610 892 1693 voluptatem
908 1609 1057 1695 proprius
1074 1609 1257 1676 disserendi
1278 1611 1387 1673 locus.

226 1711 325 1775 Nunc
348 1716 460 1774 autem
483 1711 668 1795 explicabo,
694 1712 847 1795 voluptas
871 1711 942 1795 ipsa
966 1733 1049 1795 quae
1073 1711 1243 1796 qualisque
1267 1712 1321 1790 sit,
1344 1719 1390 1775 ut

225 1814 365 1878 tollatur
389 1835 478 1877 error
501 1813 606 1877 omnis
630 1813 876 1897 imperitorum,
906 1814 1188 1898 intellegaturque
1218 1836 1272 1891 ea,
1302 1835 1389 1896 quae

225 1914 423 1997 voluptaria,
448 1914 601 1992 delicata,
626 1914 736 1978 mollis
753 1916 915 1979 habeatur
931 1913 1116 1997 disciplina,
1142 1935 1239 1998 quam
1262 1913 1386 1997 gravis,

227 2039 323 2100 quam
348 2016 539 2095 continens,
574 2040 672 2100 quam
695 2038 809 2082 severa
832 2017 887 2081 sit.
935 2017 1012 2082 Non
1045 2016 1132 2080 enim
1164 2019 1248 2081 hanc
1280 2017 1389 2079 solam

226 2119 411 2202 sequimur,
446 2141 528 2202 quae
552 2116 716 2184 suavitate
748 2119 859 2203 aliqua
889 2126 1040 2182 naturam
1072 2118 1177 2204 ipsam
1208 2126 1320 2182 movet
1351 2125 1389 2184 et

227 2245 300 2286 cum
323 2223 529 2288 iucunditate
554 2223 693 2306 quadam
717 2222 897 2307 percipitur
928 2222 1080 2288 sensibus
1087 2271 1097 2302 ,
1128 2222 1186 2286 sed
1209 2222 1387 2286 maximam

225 2327 430 2409 voluptatem
453 2326 545 2390 illam
568 2327 745 2404 habemus,
771 2347 854 2407 quae
877 2324 1057 2409 percipitur
1081 2323 1170 2388 omni
1192 2325 1305 2388 dolore
1329 2325 1386 2388 de-

222 2436 343 2492 tractu
369 2430 456 2492 Nam
473 2429 638 2511 quoniam,
664 2451 738 2492 cum
754 2427 921 2513 privamur
945 2429 1070 2507 dolore,
1095 2427 1167 2512 ipsa
1189 2427 1385 2492 liberatione

223 2536 257 2592 et
272 2530 438 2593 vacuitate
455 2529 560 2593 omnis
577 2529 751 2592 molestiae
775 2530 970 2611 gaudemus,
997 2551 1092 2594 omne
1116 2535 1226 2594 autem
1249 2530 1294 2607 id,
1320 2552 1385 2612 quo

223 2633 422 2715 gaudemus,
447 2633 601 2716 voluptas
625 2637 694 2711 est,
728 2639 766 2696 ut
789 2655 904 2712 omne,
939 2657 1003 2717 quo
1027 2633 1242 2710 offendimur,
1277 2632 1382 2711 dolor,

291 2785 342 2840 86·
361 2787 443 2840 haec
461 2787 553 2841 ratio
571 2787 641 2840 late
658 2791 756 2910 patet
774 2786 870 2841 ‘dieser
881 2787 1037 2841 Grundsatz
1056 2775 1106 2841 hat
1124 2787 1182 2841 eine
1200 2785 1385 2858 ausgedehnts

221 2854 469 2918 Anwendbarkeit’,
492 2855 523 2910 11
542 2859 582 2919 16,
601 2859 634 2908 52
678 2856 832 2910 aedictum
850 2856 879 2910 in
897 2874 952 2910 una
970 2874 999 2910 re
1016 2855 1148 2910 latissime
1166 2859 1252 2926 patet.
1288 2855 1321 2909 de
1338 2854 1384 2909 off.

224 2921 304 2987 12‚4
322 2923 452 2978 latissime
470 2928 561 2994 patere
579 2924 706 2979 videntur
725 2943 755 2978 ea
774 2943 842 2993 quae
861 2925 893 2978 de
905 2924 1002 2978 officiis
1020 2924 1124 2979 tradita
1142 2924 1176 2978 ab
1195 2923 1247 2978 illis
1266 2926 1293 2978 et
1310 2941 1384 2994 prae·

224 2996 301 3062 cepta
320 2996 385 3046 sunt
403 3012 429 3046 u.
448 2997 473 3047 ὃ.
544 2993 580 3046 in
621 3012 710 3047 uo-
732 2993 915 3047 consuevit
933 2993 1067 3048 iactare
1086 3009 1118 3046 se
1137 2992 1247 3047 oratio
1265 2996 1384 3046 vestra

225 3059 327 3115 ‘uomit
345 3061 389 3114 ihr
407 3061 474 3116 euch
492 3061 588 3141 gewdh
617 3061 662 3115 ich
680 3061 751 3116 breit
768 3062 877 3116 macht'.
913 3060 1001 3116 Ueber
1025 3062 1069 3116 die
1092 3061 1217 3116 Bedeutu
1278 3079 1332 3115 von
1355 3061 1385 3114 in

221 3127 251 3182 in
268 3128 448 3200 Verbindung
464 3132 517 3183 mrt
534 3130 651 3192 iactare,
679 3130 812 3184 exsultare
829 3130 885 3186 und
903 3130 1048 3186 dhnlichen
1065 3129 1171 3185 Verben
1195 3149 1216 3184 s.
1291 3149 1319 3184 m
1335 3148 1385 3184 zur

222 3214 260 3251 or.
278 3217 304 3268 p.
324 3198 473 3280 Sestiou41,
491 3203 533 3279 St.
570 3199 718 3340 prligauch
736 3199 769 3253 de
786 3201 831 3254 fin.
850 3200 865 3254 Ι
885 3203 925 3262 16,
944 3205 987 3254 54.
1064 3198 1221 3281 stpdicse
1238 3197 1383 3267 antiqua

221 3284 451 3391 Ξὲξέιθέιὲἓζὲὲ
469 3266 601 3406 allisi,
629 3267 1305 3417 ssi¹lad⁰hall⁰ffllhrlililidill‘regar
1318 3286 1384 3390 ‘tl

221 3403 289 3457 chen
308 3405 438 3468 Vortheil,
457 3405 590 3459 sonderu’.
626 3423 648 3459 ο.
669 3409 708 3470 13,
727 3410 760 3458 42
778 3405 969 3474 gubernatum
988 3424 1032 3460 ars
1049 3435 1084 3444 -
1101 3405 1231 3465 utrlrtate,
1251 3423 1306 3458 uon
1324 3407 1384 3458 arte

221 3471 357 3528 laudatur.
427 3477 485 3528 aut
502 3476 699 3545 voluptates
718 3474 925 3528 omittantur
950 3478 1000 3528 eta
1044 3474 1097 3527 Die
1114 3473 1210 3528 beiden
1228 3473 1315 3528 durch
1332 3481 1383 3526 aut

225 3569 253 3579 -
274 3545 323 3595 aut
340 3542 523 3612 gagliederteu
541 3543 621 3597 Saitae
639 3542 701 3597 sind
719 3543 748 3597 in
766 3542 903 3597 dersslben
922 3542 1073 3613 Wortlblge
1091 3541 1254 3612 angegsbeu.

289 3627 481 3698 Bestimmung
499 3629 546 3682 der
563 3628 642 3682 Lust.
677 3628 779 3698 Epicur
796 3629 918 3682 versteht
936 3632 1017 3683 uuter
1034 3629 1105 3683 Lust
1122 3627 1201 3682 nicht
1225 3627 1305 3681 allein
1329 3627 1383 3680 die

217 3695 316 3816 jseniga
337 3697 433 3750 welche
452 3697 537 3750 durch
556 3696 616 3751 eine
634 3697 802 3767 angenehme
820 3697 1006 3767 Empfindung
1023 3695 1202 3752 uumittelbar
1220 3696 1278 3752 aui
1286 3713 1385 3749 unsere

241 3763 303 3816 inne
321 3764 409 3826 wirkt,
428 3764 472 3818 die
488 3765 559 3819 Luat
577 3765 607 3818 in
625 3764 672 3819 der
689 3766 844 3836 Bewegung
863 3769 906 3831 (ἐν
925 3766 1057 3837 κινήσει),
1077 3766 1194 3820 souderu
1212 3764 1284 3819 auch
1300 3763 1382 3834 disje-

221 3831 292 3901 nigs,
303 3831 400 3885 welche
410 3851 476 3886 man
485 3833 554 3886 ohne
560 3831 642 3901 jeden
651 3833 778 3888 Schmerz
787 3835 914 3915 geniesst,
933 3834 977 3888 die
985 3835 1056 3888 Lust
1066 3835 1104 3888 im
1113 3833 1230 3904 ruhigen
1244 3833 1385 3888 Zustande

222 3902 264 3966 (ἐν
279 3901 399 3963 στάσει).
425 3901 558 3962 Letztere,
571 3900 614 3954 die
627 3901 892 3972 Schmerzlosrgkeit,
904 3904 943 3957 ist
955 3903 998 3957 die
1010 3907 1118 3974 grosste
1130 3903 1210 3958 Luat.
1238 3901 1316 3972 (Cap.
1331 3905 1384 3969 11.)

241 4036 247 4048 ⁸
292 3967 337 4021 37.
373 3969 532 4039 proprius
551 3968 746 4024 disserendi
770 3972 864 4025 locus
884 3989 906 4026 e.
926 3976 957 4025 13
971 3972 998 4026 ff.
1096 3989 1181 4042 quae
1199 3971 1384 4092 pualiaque

221 4039 281 4090 srt:
301 4054 323 4090 c.
342 4041 366 4100 9,
384 4042 417 4090 29
436 4038 502 4109 quid
520 4041 548 4092 et
565 4039 643 4108 quale
661 4039 698 4094 sit
716 4040 745 4094 id
763 4044 814 4094 etc.
889 4041 944 4095 sed
963 4041 1141 4095 maximam
1159 4057 1198 4094 vo
1219 4042 1384 4109 uptstem

221 4105 317 4159 illam
335 4105 494 4161 habemus
513 4125 595 4177 quae
613 4111 663 4164 etc.
683 4109 764 4180 Diog.
777 4109 870 4164 baert.
889 4108 916 4162 X
931 4113 979 4163 139
1000 4109 1069 4185 ὅρος
1086 4117 1138 4164 τοῦ
1157 4112 1307 4192 μεγέθους
1325 4113 1384 4164 τῶν

221 4175 333 4244 ἡδονῶν
351 4175 494 4256 ἦιπαντός
512 4184 563 4234 τοῦ
583 4175 739 4252 ἀλγοῦντος
751 4179 949 4252 ὑπεξαίρεσις.
1019 4181 1177 4232 naturam
1197 4195 1304 4300 rpsam
1322 4195 1384 4230 mo·

221 4247 282 4296 ret
300 4245 486 4299 ‘unmrttelbar
504 4247 556 4300 aul
569 4246 707 4302 dieSinne
725 4246 822 4300 wirkt'.
842 4247 933 4301 Daher
952 4246 1020 4302 wird
1038 4247 1077 4300 sie
1095 4247 1164 4301 auch
1181 4265 1216 4301 vo
1226 4249 1307 4316 aptas
1327 4263 1384 4299 mo·

220 4330 284 4366 vens
302 4317 430 4382 genennt,
448 4314 604 4386 gegeniiber
621 4315 669 4368 der
686 4314 811 4385 voluptas
830 4319 914 4369 stans.
968 4316 1040 4385 ipsa
1057 4315 1269 4370 liberatione
1288 4313 1384 4368 ‘sehon
