2974 4950
397 363 459 420 Iun.
478 363 512 420 V.
548 365 613 420 Osr.
631 365 805 421 XII-XIII.
841 367 869 430 §l
889 369 999 421 34-36·
1198 369 1261 434 239

92 537 175 618 apta
197 532 239 597 ad
262 540 415 600 naturam
439 535 485 600 sit
506 540 660 621 apparet,
685 556 792 619 neque
816 542 868 601 est
891 535 1031 600 dubium
1053 536 1133 620 quin
1156 536 1259 613 frons,

92 635 199 714 oculi,
233 659 327 701 aures
351 644 386 701 et
408 637 555 722 reliquae
579 643 690 723 partes
715 638 830 722 quales
853 637 1003 724 propriae
1027 639 1095 703 siut
1117 641 1260 707 hominis

91 737 324 821 intellegatur.
380 739 447 804 Sed
481 745 570 803 certe
604 762 686 825 opus
718 747 771 804 est
803 761 841 804 ea
872 741 982 805 valere
1014 747 1050 805 et
1080 741 1194 826 vigere
1226 751 1261 808 θὴ

91 839 263 904 naturales
294 847 405 905 motus
438 863 581 925 ususque
614 843 753 923 habere,
787 847 825 907 ut
846 863 908 908 nec
931 842 1020 908 absit
1043 843 1123 928 quid
1147 867 1259 911 eorum

91 964 157 1007 nec
188 965 325 1028 aegrum
355 943 612 1009 debilitatumve
645 945 690 1009 sit
696 970 705 1022 ;
745 944 779 1010 id
812 945 899 1011 enim
930 952 1049 1011 natura
1080 945 1258 1015 desiderat.

90 1045 160 1108 Est
182 1052 295 1110 sutem
323 1046 423 1110 etiam
453 1047 540 1112 actio
574 1047 734 1131 quaedam
767 1047 934 1132 corporis,
968 1069 1051 1132 quae
1082 1053 1193 1113 motus
1226 1058 1260 1114 et

91 1149 203 1211 status
234 1154 372 1213 naturae
404 1149 626 1234 congruentes
657 1155 768 1214 tenet:
806 1150 840 1214 in
879 1150 998 1234 quibus
1036 1151 1064 1214 si
1100 1158 1260 1238 peccetur

91 1249 293 1316 distortione
311 1258 352 1331 et
374 1250 607 1335 depravatione
631 1253 773 1337 quadam
793 1275 831 1317 ac
847 1260 942 1317 motu
958 1260 1091 1318 statuve
1109 1254 1257 1336 deformi,

90 1361 132 1417 ut
157 1355 186 1418 si
208 1361 267 1420 aut
288 1355 441 1419 manibus
464 1355 672 1440 ingrediatur
695 1356 768 1441 quis
791 1363 939 1420 autnon
963 1363 1052 1436 ante,
1078 1357 1137 1422 sed
1158 1363 1257 1436 retro,

90 1456 211 1540 sugere
233 1459 330 1542 plane
354 1457 482 1543 seipse
506 1465 540 1523 et
563 1459 731 1525 hominem
755 1481 878 1523 exuens
902 1481 941 1522 ex
958 1457 1091 1524 homine
1106 1467 1259 1526 naturam
1303 1453 1305 1458 ¹

92 1557 205 1624 odisse
227 1559 392 1624 videatur.
438 1560 547 1625 Quam
571 1563 705 1626 obrem
729 1560 830 1625 etiam
853 1561 1017 1626 sessiones
1041 1562 1203 1646 quaedam
1225 1570 1259 1627 et

90 1661 173 1727 flexi
206 1661 368 1747 fractique
405 1669 536 1743 motus,
575 1663 688 1749 quales
725 1670 956 1748 protervorum
993 1664 1164 1729 hominum
1202 1674 1260 1730 aut

90 1764 245 1829 mollium
269 1786 342 1830 esse
363 1765 484 1845 solent,
509 1772 626 1830 contra
641 1772 794 1831 naturam
811 1772 899 1846 sunt,
923 1773 974 1846 ut,
999 1767 1099 1832 etiam
1116 1769 1144 1833 si
1159 1769 1260 1834 animi

89 1868 177 1932 vitio
205 1867 240 1932 id
271 1869 418 1949 eveniat,
452 1875 566 1933 tamen
596 1869 631 1932 in
659 1890 794 1954 corpore
822 1870 945 1934 mutari
975 1869 1119 1934 hominis
1141 1878 1260 1937 natura

91 1970 257 2035 videatur.
305 1971 378 2058 (36)
411 1972 531 2056 Itaque
564 1993 580 2035 e
614 1970 777 2035 contrario
810 1972 972 2035 moderati
1004 1973 1259 2058 aequabilesque

90 2073 229 2139 habitus
234 2123 245 2153 ,
278 2073 471 2138 affectiones
503 2095 647 2158 ususque
680 2072 825 2158 corporis
854 2074 925 2157 apti
948 2095 1019 2138 csse
1043 2074 1085 2138 ad
1108 2081 1260 2139 naturam

89 2175 259 2241 videntur.
306 2177 380 2239 Iam
410 2198 488 2240 vero
520 2175 648 2241 animus
680 2197 747 2239 non
784 2197 856 2240 esse
895 2177 1021 2256 solum,
1061 2175 1120 2241 sed
1158 2176 1259 2241 etiam

90 2278 265 2344 cuiusdam
288 2277 380 2343 modi
402 2277 503 2343 debet
526 2300 614 2358 esse,
647 2280 685 2341 ut
708 2284 743 2342 θὴ
766 2299 879 2343 omnes
903 2283 1014 2363 partes
1038 2301 1114 2342 suas
1137 2280 1260 2344 habeat

90 2380 279 2445 incolumes
308 2386 343 2444 et
370 2379 410 2444 de
438 2380 619 2446 virtutibus
648 2380 740 2444 nulla
771 2380 867 2444 desit.
915 2382 1026 2464 Atque
1043 2380 1085 2452 in
1107 2381 1258 2446 sensibus

91 2491 148 2548 est
172 2506 229 2548 sua
253 2483 411 2568 cuiusque
434 2484 552 2563 virtus,
576 2488 614 2547 ut
635 2505 676 2547 ne
698 2482 776 2567 quid
797 2481 968 2566 impediat,
994 2506 1059 2568 quo
1076 2484 1258 2550 minussuo

92 2608 213 2652 sensus
245 2584 383 2670 quisque
414 2607 548 2650 munere
581 2585 742 2670 fungatur
768 2585 806 2660 jn
836 2585 876 2649 iis
905 2586 1004 2650 rebus
1029 2586 1181 2652 celeriter
1204 2609 1258 2653 ex-

90 2691 273 2776 pediteque
317 2689 562 2774 percipiendis,
613 2710 697 2773 quae
747 2688 916 2753 subiectae
966 2695 1045 2753 sunt
1094 2689 1257 2757 sensibus.

91 2795 197 2860 XIII.
220 2792 334 2856 Animi
357 2798 469 2856 autem
493 2796 527 2857 et
550 2790 619 2856 eius
643 2791 743 2858 animi
764 2791 885 2876 partis,
917 2813 1000 2876 quae
1029 2792 1182 2877 princeps
1206 2801 1259 2858 est
1308 2828 1315 2834 ·

92 2917 245 2981 quaeque
277 2917 370 2961 mens
402 2894 607 2972 nominatur,
644 2892 756 2976 plures
795 2900 873 2983 sunt
904 2895 1063 2973 virtutes,
1101 2897 1161 2960 sed
1193 2896 1258 2961 duo

90 2999 203 3085 prima
225 3019 363 3083 genera:
387 3020 490 3061 unum
508 3017 630 3074 earum,
656 3017 738 3078 quae
754 2995 992 3079 ingenerantur
1008 3005 1125 3080 suapte
1141 3004 1261 3062 natura

168 3184 218 3240 35.
254 3205 292 3242 ne
320 3203 360 3240 ue
378 3189 430 3240 est
447 3184 589 3239 dubium
607 3181 689 3252 quin
706 3183 757 3235 θὴο.
779 3179 844 3235 Piso
862 3180 938 3235 redet
955 3199 1010 3235 von
1028 3181 1074 3236 der
1093 3183 1258 3237 Zweckmds·

90 3205 439 3396 {cluiuilius
454 3249 808 3377 pudeatne
826 3316 879 3370 a„
896 3249 1259 3373 :incalescas

89 3397 138 3450 len
157 3393 203 3447 des
221 3393 343 3464 Kdrpcrs
360 3388 631 3462 gegeuiibergestellt.
667 3406 689 3441 c.
709 3391 749 3452 13,
768 3390 801 3439 36
828 3388 861 3467 pt
886 3385 1079 3467 prudentiam,
1107 3389 1257 3458 temperan-

90 3463 173 3526 tiam,
192 3459 391 3524 fortitudinem,
410 3459 547 3514 iustItiam
566 3461 593 3512 et
610 3456 727 3526 reliques
745 3473 850 3525 genens
869 3453 999 3509 e1usdcm.
1116 3460 1194 3510 ante
1211 3457 1258 3510 ad·

89 3529 198 3586 verbial
215 3547 278 3584 vom
296 3530 402 3584 Raumc
420 3527 578 3590 ‘vorwirts',
604 3525 643 3580 im
669 3525 823 3595 Gcgensetz
850 3543 884 3578 zu
910 3526 990 3578 retro.
1025 3523 1160 3578 Aehnlich
1177 3524 1231 3579 Ver
1252 3566 1258 3580 .

91 3619 154 3656 aen.
174 3599 216 3654 VI
233 3601 283 3652 677
302 3597 449 3652 antetulit
467 3614 598 3668 gressum.
675 3592 849 3649 sessiones
867 3591 1035 3662 quaedam
1054 3593 1173 3661 ‘gessisse
1192 3545 1257 3648 sed-

89 3672 196 3740 lungen
213 3666 252 3722 im
270 3666 380 3735 Sitzen’.
1076 3729 1083 3740 ·

165 3735 216 3790 dd·
254 3735 311 3790 sed
330 3735 432 3790 etiam
450 3732 546 3788 cuius
565 3730 655 3786 modi
682 3729 790 3786 debet
816 3747 888 3783 esse
918 3728 1101 3784 ‘sondernsre
1120 3727 1170 3782 soll
1188 3729 1257 3783 cuch

91 3808 155 3862 eine
172 3804 331 3861 bestimmte
349 3800 568 3858 Beschaffenheit
585 3799 691 3854 haben’.
728 3799 754 3852 S.
773 3818 807 3852 zu
824 3799 870 3852 ΙΠ
888 3802 912 3862 7,
930 3801 964 3851 23
991 3797 1026 3852 ad
1070 3797 1191 3852 uandam
1217 3816 1257 3852 ra·

92 3877 201 3930 tionem
219 3871 336 3927 vivendi.
408 3869 464 3925 sed
483 3869 546 3924 duo
564 3867 672 3939 prima
689 3885 812 3937 genera
831 3870 883 3923 etc.
918 3866 1034 3921 Aristot.
1085 3885 1147 3938 agn
1159 3867 1258 3922 Moral.

89 3946 106 4000 I
127 3948 153 4009 5,
174 3940 326 3997 1Ἐστιδ’
347 3941 363 4012 ἡ
383 3939 474 4026 ψαχη,
496 3937 535 4002 ὥς
553 3959 659 4011 φαμεν,
680 3939 721 3999 εἰς
739 3935 791 3991 δύο
834 3939 883 4010 έρη
904 3935 1076 4010 ὂιηρημένη,
1106 3940 1148 3999 εἴς
1164 3957 1194 3990 τε
1213 3935 1257 3991 λό.

90 4035 147 4092 γον
167 4015 235 4082 ἔχον
254 4015 302 4065 καὶ
322 4009 436 4087 ἄλογον.
457 4009 501 4063 Er
520 4009 573 4080 μὲν
593 4007 625 4076 δὴ
645 4011 684 4075 τῷ
702 4005 788 4082 λόγον
808 3957 901 4074 dione
920 3993 1078 4082 ἐγγίγνεται
1106 4003 1256 4093 φρόνησιη,

92 4083 240 4160 ἀγχίνοια,
262 4083 363 4150 σοφία,
385 4077 526 4150 οὐμαθία,
546 4075 640 4150 μνήμη
660 4074 760 4128 καὶτὰ
779 4079 916 4127 τοιαῦτα·
937 4075 967 4128 ἐν
987 4073 1018 4128 δὲ
1036 4079 1075 4143 τῷ
1095 4072 1188 4150 ἀλόγῳ
1210 4094 1257 4126 αα·

91 4174 142 4206 ται
163 4153 197 4204 αἰ
214 4148 503 4234 ἀρεταὶλεγόμεναι,
525 4142 719 4219 σωφροσύνη,
741 4141 927 4212 δικαιοσύνη,
954 4141 1065 4226 ᾇνδρία,
1087 4140 1156 4197 ὅσαι
1174 4139 1257 4196 ἄλλαι

90 4227 148 4276 τοῦ
167 4217 265 4288 ἤθους
284 4218 430 4280 δακοασιν,
451 4215 599 4270 ἐπαινεταὶ
618 4207 818 4278 stafford
837 4210 891 4286 γὰρ
910 4231 1016 4274 ταυτας
1044 4211 1189 4266 ἐπαινεταὶ
1214 4211 1256 4264 λθ·

114 4290 235 4352 οἰιεθα,
264 4286 334 4340 κατὰ
355 4285 387 4340 δὲ
405 4285 456 4348 τὰς
473 4289 526 4338 τοῦ
544 4283 593 4336 τὸν
611 4281 643 4337 λό
665 4302 698 4335 ον
722 4283 839 4349 ἔχοντος
867 4277 962 4342 οὐδεὶς
990 4280 1158 4334 ἐπαινεῖται,
1195 4275 1257 4332 Von

91 4313 184 4413 dieser
201 4353 382 4424 Ilintheilung
398 4352 497 4408 weich'c
515 4349 569 4405 Oio.
589 4303 663 4403 naci
686 4347 746 4402 dem
765 4345 910 4416 Vorgange
940 4347 986 4401 des
1012 4347 1182 4410 Antiochus,
1210 4345 1257 4400 der
