2974 4950
408 326 470 382 Ins.
490 326 524 381 V.
561 326 626 380 err,
644 324 747 379 XXIV.
784 329 813 390 §§
833 329 943 379 69-12.
1206 327 1269 389 263

90 495 231 574 affecit,
257 503 380 580 quanto
404 497 444 560 L.
470 497 638 574 Paullum,
663 517 739 560 oum
761 517 874 579 regem
897 497 1032 558 Persem
1056 500 1190 580 captum
1214 495 1270 560 ad-

97 598 266 678 duceret,
300 600 416 664 eodem
448 599 583 663 flumine
613 585 787 664 invectio?
838 597 899 681 (71)
934 600 1007 680 Age
1039 619 1147 676 nunc,
1189 598 1272 662 Luci

98 709 235 782 noster,
263 710 395 769 exstrue
413 703 521 768 animo
539 701 751 766 altitudinem
768 700 1068 784 excellentiamque
1089 702 1268 766 virtutum:

91 804 175 869 iam
198 830 264 870 non
288 807 474 886 dubitabis,
509 807 587 892 quin
617 829 727 870 earum
758 811 928 890 compotes
953 806 1119 884 homines,
1153 828 1273 890 magno

97 910 218 972 animo
243 917 420 995 erectoque
443 910 606 990 viventes,
632 931 761 994 semper
784 909 851 973 sint
873 908 979 973 beati:
1005 909 1060 992 qui
1076 931 1189 973 omnes
1205 933 1274 974 mo·

98 1019 164 1076 tus
188 1011 341 1076 fortunae
365 1013 632 1096 mutationesque
656 1033 765 1076 rerum
789 1017 823 1076 61
844 1016 1032 1096 temporum
1053 1011 1143 1075 leves
1161 1016 1195 1074 et
1212 1010 1274 1074 im-

99 1113 250 1178 becillos
278 1113 348 1178 fore
377 1114 592 1198 intellegant,
626 1114 655 1177 si
686 1113 719 1177 in
750 1112 882 1178 virtutis
912 1118 1080 1177 certamen
1109 1111 1272 1178 venerint.

100 1215 177 1278 Illa
200 1214 298 1293 enim,
324 1237 407 1298 quae
431 1221 509 1278 sunt
533 1238 551 1278 6
574 1215 671 1280 nobis
694 1215 784 1280 bona
807 1215 952 1299 corporis
975 1219 1158 1294 numerata,
1185 1237 1274 1279 eom-

102 1319 205 1401 plent
229 1339 267 1382 66
291 1319 421 1402 quidem
451 1317 677 1384 beatissimam
705 1320 823 1398 vitam,
858 1319 917 1384 sed
944 1319 1008 1398 ita,
1042 1325 1080 1382 ut
1109 1318 1178 1384 sine
1206 1317 1274 1381 illis

103 1419 222 1504 possit¹
241 1421 339 1484 beata
362 1421 433 1484 vita
456 1421 628 1485 exsistere.
675 1421 729 1485 Ita
751 1420 836 1484 enim
852 1441 972 1504 parvae
989 1426 1024 1484 et
1039 1422 1179 1504 exiguae
1196 1427 1275 1484 sunt

101 1523 196 1586 istae
220 1522 426 1587 accessiones
450 1524 628 1601 bonorum,
663 1527 713 1600 ut,
749 1543 846 1605 quem
876 1522 917 1586 ad
941 1523 1075 1586 modum
1100 1522 1217 1587 stellae
1241 1522 1275 1586 in

103 1623 212 1688 radiis
242 1623 337 1703 solis,
371 1623 417 1687 sic
445 1624 530 1688 istae
559 1624 593 1687 in
623 1624 780 1688 virtutum
809 1625 983 1708 splendore
1018 1646 1059 1688 ne
1098 1631 1276 1690 cernantur

107 1726 258 1809 quidem.

201 1827 263 1912 (72)
293 1832 404 1912 Atque
437 1831 500 1893 hoc
525 1819 567 1892 ut
595 1851 672 1893 vere
696 1829 833 1910 dieitur,
867 1852 968 1914 parva
1000 1852 1071 1894 esse
1104 1829 1145 1894 ad
1177 1829 1275 1892 beate

107 1932 293 1996 vivendum
325 1939 495 1998 momenta
528 1932 593 1996 ista
627 1932 772 2018 corporis
802 1933 1065 2010 commodorum,
1100 1932 1146 1995 sic
1178 1931 1276 1996 nimis

107 2036 296 2100 violentum
321 2039 372 2098 est
393 2036 486 2100 nulla
509 2057 581 2100 esse
606 2035 732 2112 dicere;
759 2036 814 2119 qui
838 2035 925 2099 enim
949 2034 996 2099 sio
1019 2035 1193 2119 disputant
1217 2033 1276 2096 ob·

107 2137 166 2204 liti
198 2137 279 2200 mihi
315 2137 487 2216 videntur,
528 2159 610 2221 quae
648 2138 711 2221 ipsi
749 2137 889 2202 fecerint
928 2136 1088 2221 principia
1124 2141 1275 2201 naturae.

108 2365 127 2414 5
146 2361 176 2415 in
195 2359 285 2415 medio
303 2359 424 2415 Achaico
442 2378 531 2415 cursu.
576 2361 608 2416 Ιι.
626 2359 797 2415 Aemilius
817 2359 961 2414 Paullus
979 2358 1031 2412 mit
1050 2358 1110 2413 dem
1128 2358 1277 2413 Beiramen

108 2429 315 2493 Macedonicus,
334 2428 456 2500 besiegte
466 2427 517 2483 den
529 2429 652 2494 Perseus,
671 2429 767 2500 Konig
785 2447 837 2483 von
851 2428 1037 2490 Macedonian,
1050 2427 1079 2482 iu
1089 2427 1136 2482 der
1148 2427 1277 2481 Schlacht

107 2499 156 2553 bei
174 2497 274 2568 Pydna
291 2497 310 2551 i.
327 2498 354 2552 J.
375 2501 432 2552 168.
468 2498 528 2553 niv.
546 2499 639 2554 XLIV
657 2502 691 2551 40
703 2498 731 2552 ff.

180 2583 240 2637 Iob
258 2582 307 2638 der
324 2582 511 2639 Herrlichkeit
529 2584 576 2638 der
594 2584 635 2638 Tu
656 2583 742 2638 endon
760 2583 817 2638 und
836 2582 883 2637 der
901 2583 953 2638 mit
976 2583 1060 2636 11161
1086 2579 1277 2637 verbundenen

108 2651 335 2722 Gliickseliglreit.
371 2652 423 2706 Die
440 2651 556 2706 hdchste
573 2653 642 2708 Gliic
664 2652 789 2724 seliglreit
806 2652 874 2722 liegt
900 2652 929 2706 in
957 2652 1004 2706 der
1021 2650 1202 2720 Verbindung
1229 2649 1278 2706 der

106 2720 228 2792 ’sugens
245 2721 299 2775 mit
317 2719 369 2774 den
386 2721 576 2792 kdrperlichen
594 2723 651 2776 und
669 2726 782 2777 1166611
799 2721 916 2777 Giitern.
953 2721 1029 2790 (Gap.
1048 2725 1090 2784 24,
1110 2724 1162 2787 71.)

182 2789 227 2846 71.
264 2790 555 2844 exstrue-:iam
573 2809 638 2846 non
656 2790 840 2846 dubitabis
859 2811 880 2845 s,
899 2791 1027 2855 zuIl2,
1045 2794 1087 2843 40.
1168 2789 1278 2843 virtu·

109 2859 159 2912 tis
178 2862 354 2913 certamen
373 2859 557 2929 ‘Wettkampf
572 2860 623 2914 mit
642 2859 691 2915 der
710 2859 841 2941 'Ingend'‚
861 2859 904 2914 ein
923 2863 1006 2914 etwas
1024 2857 1117 2914 hartel·
1134 2857 1279 2913 Gebrauch

111 2927 160 2982 des
179 2927 248 2982 Gen.
268 2927 378 2982 obiect:
409 2926 442 2981 de
460 2928 538 2982 amic.
559 2933 599 2992 10,
619 2933 652 2981 34
670 2929 783 2983 honoris
801 2932 938 2982 certamen
956 2933 984 2982 61
1001 2926 1112 2997 gloriae.
1149 2927 1183 2981 de
1201 2928 1245 2982 off.
1263 2927 1280 2982 I

110 2995 528 3060 61111616111661161116.
563 2997 594 3051 II
614 3001 654 3061 11,
674 3001 707 3050 58
726 2997 884 3051 consulatus
903 2997 1017 3067 repulsa.
1054 3016 1092 3051 or.
1110 2995 1139 3049 in
1158 2996 1218 3051 eac.
1236 2995 1278 3050 IV

111 3068 137 3125 7,
158 3069 191 3117 15
210 3081 240 3118 ex
259 3066 408 3118 multorum
426 3084 560 3120 annorum
579 3065 747 3119 dissensione
765 3065 847 3118 huius
860 3065 963 3118 ordinis
982 3072 1025 3131 (τε
1040 3065 1074 3119 61
1092 3064 1144 3119 166
1162 3063 1277 3130 ordine).

110 3133 146 3186 de
164 3150 237 3202 prov.
256 3152 329 3188 oons.
349 3137 389 3193 16,
409 3137 441 3186 38
461 3134 494 3188 61
512 3133 596 3187 huius
614 3133 717 3187 ordinis
737 3133 935 3188 coniunctione.
1005 3132 1070 3186 Ille
1089 3133 1176 3186 enim
1195 3151 1278 3202 quse

108 3204 193 3256 sunt
211 3206 260 3256 eto.
297 3201 321 3254 V
341 3201 358 3256 l.
378 3201 421 3255 die
438 3202 556 3256 Ansicht
575 3201 622 3255 der
638 3201 839 3282 Peripatetilrer
856 3202 901 3255 III
923 3205 961 3263 13,
975 3205 1016 3253 43.
1087 3219 1122 3253 ea
1140 3200 1278 3269 quidem

100 3301 143 3333 ,-
165 3269 221 3324 sed
240 3289 260 3325 s.
280 3290 314 3325 zu
322 3221 376 3324 gIII
396 3275 436 3332 10,
457 3275 497 3325 34.
576 3270 665 3324 istae
683 3273 783 3325 mmmt
802 3269 855 3325 den
875 3269 984 3339 Begriff
998 3269 1162 3322 accessiones
1180 3268 1279 3324 wieder

110 3337 167 3393 auf.
205 3339 284 3393 'Iusc
303 3339 344 3393 IV
364 3343 404 3400 14,
424 3343 456 3392 32
484 3340 561 3393 Inter
579 3342 674 3394 acutos
693 3342 784 3393 autem
803 3343 830 3393 61
848 3338 920 3392 inter
938 3337 1046 3391 hebetes
1064 3337 1186 3400 interest,
1224 3337 1278 3392 uod

109 3407 266 3530 {nggniosit
275 3410 308 3462 ut
326 3426 370 3461 aes
381 3407 555 3530 (ltorintbium
573 3407 603 3462 in
621 3409 786 3478 aeruginem,
806 3407 844 3462 sio
862 3407 902 3462 illi
919 3407 948 3461 in
966 3406 1092 3460 morbum
1111 3409 1140 3461 et
1152 3355 1278 3460 incidunt

125 3495 156 3530 ar
176 3495 252 3530 ruse
283 3492 392 3530 reorean
406 3495 439 3530 ur
458 3494 541 3530 cerus.

181 3561 305 3615 Mehrere
317 3560 502 3630 Philosophen
514 3559 603 3614 haben
616 3560 659 3615 die
671 3559 881 3631 peripatetiscbe
893 3559 1012 3613 Ansicht
1024 3557 1092 3614 iiber
1105 3557 1154 3612 das
1163 3558 1279 3614 1ὃ61616

108 3630 171 3684 (111
188 3629 344 3701 adoptiert,
372 3629 436 3683 6161·
455 3647 501 3693 66,
520 3629 583 3683 dass
602 3629 641 3683 sie
658 3649 712 3684 nur
730 3629 862 3684 einzelnes
881 3629 980 3683 durans
998 3645 1160 3698 genommen
1177 3627 1276 3682 16161.

109 3699 175 3752 Ibre
192 3698 345 3752 Ansiebten
364 3697 425 3752 sind
443 3698 483 3753 als
502 3697 628 3767 einseitig
646 3717 681 3752 11
697 3699 851 3754 verwerfen.
888 3696 964 3766 (Cap.
983 3700 1025 3758 24,
1045 3699 1077 3749 72
1096 3725 1128 3735 -
1147 3699 1199 3764 25.)

183 3765 229 3822 72.
265 3769 437 3821 momenta
455 3766 526 3820 ista
545 3785 602 3820 cor
632 3767 703 3820 oris
722 3767 975 3821 commodorum
997 3763 1053 3818 ‘der
1071 3763 1200 3829 Einfluss,
1219 3765 1278 3820 wel-

110 3836 181 3890 6161
199 3835 243 3890 dio
260 3835 448 3906 kbrperliohen
465 3835 591 3906 Vorziige
607 3784 716 3890 16161.
796 3853 879 3905 quae
897 3834 965 3915 ipsi
982 3833 1132 3888 fecerint
1149 3834 1278 3904 princi·

134 3905 169 3959 ia
196 3907 341 3958 naturae
368 3903 474 3958 ‘welche
501 3907 590 3958 ersten
608 3903 872 3959 Naturbediirfnisse
899 3921 937 3956 sie
955 3921 1154 3972 angenommen
1171 3903 1277 3957 haben'.

110 3923 622 4042 1116116611.1666166861161611
641 3973 818 4027 11611116111
855 3971 929 4034 6611,
957 3971 1028 4026 deun
1056 3989 1094 4025 or.
1112 3991 1139 4044 p.
1158 3972 1216 4026 Mil.
1235 3976 1277 4036 27,

111 4046 144 4095 ‘15
164 4059 244 4164 afflare
262 4041 453 4105 fundamenta,
471 4041 579 4096 worsuf
593 4061 658 4097 man
676 4042 734 4096 sich
752 3993 856 4106 161611,
876 4041 951 4095 steht
968 4040 1046 4095 nieht
1064 4041 1101 4096 im
1119 4041 1277 4110 iibertrsge·

110 4129 165 4164 161
204 4111 275 4164 inne.
311 4110 510 4180 Ilbensowenig
527 4110 566 4164 ist
582 4109 695 4165 iecerint
712 4110 828 4179 richtig;
847 4127 912 4164 man
931 4114 993 4180 sagt
1011 4109 1081 4163 wohl
1098 4108 1277 4164 fundamenta

110 4180 206 4242 iacere,
226 4179 291 4234 aber
308 4179 386 4232 nicht
402 4178 536 4249 principia
555 4183 669 4234 naturae
686 4179 780 4233 iacere.
798 4197 823 4232 v,
835 4178 1107 4246 dansVermuthung
1124 4195 1157 4248 pe
1176 4177 1278 4246 igerint

111 4248 259 4319 (pegerint)
278 4246 369 4302 wiirde
386 4248 534 4311 zutreffen,
560 4267 638 4302 11611
656 4247 704 4302 der
720 4247 864 4303 Gebrauch
882 4247 930 4302 des
947 4266 1002 4317 pan
1022 4265 1066 4300 ere
1090 4263 1143 4299 von
1186 4245 1276 4300 estim-

108 4335 233 4388 mungen
251 4316 281 4371 in
298 4316 538 4388 philosophischen
551 4318 693 4387 Systemen
711 4315 895 4372 nschweisbar
914 4319 992 4371 6116.
1038 4315 1063 4368 16
1081 4313 1277 4370 archaistiscbe
