2942 4950
373 319 435 375 Iun.
448 320 496 374 IV.
531 320 596 375 Car.
616 319 753 375 XXVIII.
777 322 816 384 §5
836 323 945 374 ‘ll-80.
1173 324 1235 386 215

67 489 246 553 vivendum
282 491 606 555 accommodatarum
638 513 656 554 a
687 497 806 554 natura
829 491 1038 575 profectam?
1082 489 1138 554 Ita
1161 511 1235 555 cum

67 612 100 654 ea
121 591 247 655 volunt
272 592 435 670 retinere,
461 613 543 675 quae
567 591 727 674 superiori
750 592 935 656 sententiae
960 592 1177 670 conveniunt,
1203 593 1236 657 in

66 691 264 756 Aristonem
289 691 457 756 incidunt:
493 715 568 756 cum
590 691 625 756 id
653 691 805 776 fugiunt,
838 714 872 756 re
906 693 1020 757 eadem
1053 692 1237 758 defendunt

67 814 145 875 quae
164 793 403 877 Peripatetici,
427 795 528 859 verba
550 801 668 858 tenent
695 794 872 859 mordicus.
920 796 1013 859 Quae
1029 816 1141 858 rursus
1158 795 1236 858 dum

67 893 127 956 sibi
150 894 257 958 evelli
284 916 325 958 ex
349 895 618 972 ordinenolunt,
643 896 842 960 horridiores
860 896 1015 973 evadunt,
1041 896 1234 980 asperiores,

68 997 215 1062 duriores
242 1005 282 1062 et
307 997 453 1062 oratione
477 1005 511 1061 et
539 998 698 1087 moribus.
745 997 808 1082 (79)
834 998 942 1063 Quam
970 999 1104 1063 illorum
1130 998 1236 1063 tristi·

67 1097 145 1161 tiam
175 1105 287 1182 atque
320 1100 535 1184 asperitatem
566 1099 698 1184 fugiens
721 1100 899 1164 Panaetius
931 1121 990 1164 nec
1020 1100 1236 1165 acerbitatem
1279 1149 1281 1154 -

68 1200 317 1265 sententiarum
339 1222 400 1264 nec
422 1201 604 1266 disserendi
623 1201 733 1285 spinas
749 1202 913 1286 probavit,
939 1202 1066 1287 fuitque
1080 1203 1115 1266 in
1131 1203 1236 1267 altero

69 1325 185 1384 genere
210 1301 345 1384 mitior,
370 1303 405 1367 in
428 1305 532 1368 altero
557 1304 734 1382 illustrior,
765 1326 958 1389 semperque
981 1306 1100 1371 habuit
1123 1307 1157 1370 in
1181 1328 1236 1371 ore

68 1404 258 1484 Platonem,
287 1405 522 1484 Aristotelem,
547 1406 785 1485 Xenocratem,
811 1407 1092 1490 Theophrastum,
1117 1408 1235 1472 Dicae-

71 1507 216 1587 archum,
235 1514 279 1570 ut
295 1507 399 1590 ipsius
416 1508 539 1591 scripta
556 1508 741 1572 declarant:
760 1530 841 1592 quos
859 1508 992 1592 quidem
1008 1509 1072 1573 tibi
1088 1510 1236 1590 studiose

70 1615 102 1670 et
123 1609 314 1694 diligenter
335 1611 530 1674 tractandos
552 1632 674 1694 magno
699 1633 796 1696 opere
814 1632 946 1675 censeo.
984 1611 1051 1696 (80)
1076 1613 1141 1676 Sed
1158 1635 1236 1696 quoa

72 1711 153 1774 niam
178 1720 215 1776 et
241 1712 490 1796 advesperascit
522 1719 556 1777 et
588 1713 670 1776 mihi
702 1715 744 1778 ad
774 1714 889 1778 villam
917 1715 1150 1778 revertendum
1174 1722 1236 1794 est,

73 1835 154 1878 nunc
188 1816 331 1898 quidem
362 1815 542 1893 hactenus,
575 1837 690 1880 verum
721 1818 785 1880 hoo
816 1817 905 1881 idem
936 1816 1095 1881 faciamus
1128 1839 1235 1902 saepe.

73 1913 139 1979 Nos
162 1939 264 1997 vero,
300 1917 409 2002 inquit
438 1917 497 1982 ille
505 1942 514 1994 ;
547 1941 624 1982 nam
657 1917 736 2002 quid
767 1940 941 2002 possumus
964 1919 1072 1983 facere
1096 1919 1237 1986 melius?
1346 1990 1347 1993 Ἴ

73 2023 104 2078 01
125 2020 214 2084 hane
241 2020 377 2105 quidem
400 2021 540 2104 primam
562 2021 694 2104 exigam
718 2044 735 2084 a
758 2025 792 2084 te
816 2043 958 2104 operam,
983 2026 1022 2084 ut
1043 2020 1156 2084 audias
1172 2043 1236 2099 me,

75 2140 152 2201 quae
177 2145 197 2186 a
220 2129 259 2188 te
285 2121 487 2202 dictasunt,
521 2121 747 2198 refellentem
782 2123 841 2186 sed
871 2130 1051 2186 memento
1069 2129 1120 2202 te,
1155 2145 1237 2206 quae

75 2243 130 2286 nos
147 2226 347 2304 sentiamus,
371 2225 480 2290 omnia
496 2226 647 2311 probare,
671 2225 735 2289 nisi
752 2225 840 2308 quod
855 2225 965 2289 verbis
982 2223 1079 2289 aliter
1093 2227 1236 2302 utamur,

75 2323 152 2392 mihi
175 2333 295 2394 autem
317 2335 504 2392 vestrorum
534 2327 618 2392 nihil
650 2328 791 2412 probari.
840 2328 1058 2412 Scrupulum,
1091 2327 1236 2409 inquam,

76 2424 221 2510 abeunti,
240 2429 302 2494 sed
317 2429 515 2494 videbimus
557 2429 651 2493 Quae
669 2451 744 2492 cum
760 2436 873 2493 essent
889 2429 988 2508 dicta,
1015 2428 1237 2492 discessimus.

142 2582 189 2636 78.
228 2583 267 2638 in
285 2582 486 2636 Aristonem
503 2581 668 2636 incidunt
685 2583 734 2638 ‘sie
752 2582 886 2652 gerathen
903 2581 933 2636 in
951 2581 1003 2636 den
1020 2581 1240 2643 Aristonismus',

77 2646 107 2701 de
123 2650 180 2704 fato
199 2656 225 2715 8,
247 2655 280 2705 15
299 2669 332 2704 ne
345 2651 407 2732 ipse
425 2650 530 2705 incidat
547 2650 577 2703 in
595 2650 755 2706 Diodorum.
791 2650 846 2706 Cic.
865 2654 942 2720 sagte
965 2650 1046 2704 dafiir
1070 2649 1139 2705 oben
1158 2668 1178 2704 0.
1200 2655 1239 2712 15,

77 2717 153 2772 40111
170 2721 321 2774 Aristonea
339 2719 407 2774 ntia
425 2723 453 2773 et
470 2719 619 2774 incidemus
636 2724 755 2790 peccata.
853 2720 956 2774 verba
974 2723 1096 2774 tenent
1114 2718 1239 2773 mordi-

76 2802 130 2839 cus
157 2789 205 2843 ‘sie
225 2787 504 2859 haltenhartntckig
523 2787 630 2843 auden
648 2789 762 2844 Worten
780 2789 849 2843 lest’.
885 2791 968 2844 Acad.
988 2789 1018 2842 II
1037 2792 1077 2851 16,
1098 2791 1143 2862 11,
1158 2805 1240 2858 quarn

79 2855 321 2936 (perspicui’satem)
348 2857 485 2911 mordicus
512 2860 602 2911 tenere
629 2855 765 2912 debemus.
802 2858 906 2928 derep.
925 2858 1000 2922 134,
1019 2861 1050 2910 51
1079 2873 1178 2911 nomen
1201 2856 1241 2909 illi

78 2923 208 3049 ppinsrsrpps
227 2945 244 2981 o
265 2925 407 3050 timaEiupn
425 2925 562 3049 npqrdgous
580 2928 683 2979 tenent.
736 2944 771 2980 ex
790 2926 912 2980 ordine
930 2945 980 2980 aus
999 2926 1046 2980 der
1064 2924 1241 2994 Reihenfolge

109 3009 122 3044 1
159 3013 314 3050 azerres
357 3011 550 3048 creaues.

144 3061 191 3118 19.
229 3063 335 3130 Quam
362 3013 501 3118 illbrum
528 3061 718 3116 tristitiam
738 3091 767 3100 -·
787 3061 931 3131 fugiens.
968 3061 1058 3116 Selten
1084 3061 1152 3116 wird
1180 3061 1240 3116 dem

79 3125 182 3185 Relativ
200 3133 247 3187 ein
265 3132 377 3187 (10111111
393 3130 581 3202 parataktisoh
600 3129 741 3201 augefdgt,
759 3130 871 3184 welcher
888 3148 940 3184 von
959 3129 1020 3184 dem
1039 3149 1073 3184 zu
1087 3131 1178 3199 J'enem
1196 3147 1240 3198 ge·

79 3193 189 3268 herigen
206 3202 319 3256 Nomen
337 3200 427 3255 abhiin
448 3200 541 3271 igist.
578 3199 608 3252 ΙΙ
627 3203 667 3262 19,
687 3202 717 3251 61
746 3197 819 3268 quod
846 3198 955 3268 quidem
982 3199 1039 3252 eius
1064 3199 1168 3251 factum
1186 3197 1241 3250 11111

80 3272 146 3322 esset
162 3269 224 3325 iure
249 3268 400 3324 laudatum.
429 3221 543 3323 1111οΙ
563 3272 602 3331 16,
621 3271 654 3320 36
673 3285 755 3338 quarn
773 3285 866 3322 eorum
885 3265 1047 3346 opinionem·
1059 3265 1154 3334 magni
1171 3281 1239 3320 erro·

82 3349 121 3388 res
138 3339 281 3396 consecuti
299 3342 372 3393 sunt.
391 3338 424 3394 de
441 3337 525 3393 divin.
544 3338 559 3391 I
578 3341 619 3399 24,
638 3340 670 3388 51
690 3353 744 3406 quo
763 3335 819 3390 eius
837 3335 910 3390 facto
929 3337 1051 3405 superatr
1068 3337 1134 3388 sunt
1152 3336 1179 3386 01
1197 3332 1240 3388 de-

82 3399 126 3457 leti
150 3407 257 3463 Latini.
292 3407 401 3462 Ilbenso
427 3408 492 3462 tritt
510 3406 580 3461 auch
600 3405 648 3460 das
666 3403 944 3475 Personalpronomen
961 3423 1024 3458 zum
1043 3402 1240 3482 Demonstrati·

82 3487 153 3526 lum:
173 3477 207 3531 10
227 3477 394 3541 off.11122‚
413 3475 493 3530 8611
512 3493 546 3530 ue
564 3475 622 3529 eius
641 3475 745 3528 factum
762 3473 905 3528 laudatum
924 3491 940 3536 a
959 3475 1056 3528 senatu
1074 3475 1123 3526 est.
1171 3471 1240 3524 111-

83 3546 214 3601 serendi
234 3546 363 3617 spinas:
393 3546 506 3600 'Puscl
550 3549 575 3608 5,
594 3548 609 3597 9
628 3542 720 3613 spinas
738 3543 874 3613 partiendi
898 3546 925 3596 et
953 3540 1097 3596 definiendi
1124 3542 1240 3610 praeter-

83 3607 204 3670 mittunt.
305 3631 504 3684 semperque
522 3612 646 3666 habuit
664 3611 698 3666 in
716 3629 770 3666 ore
787 3612 974 3666 Platonem.
1010 3608 1144 3664 Pantitius
1162 3608 1241 3688 sollte

84 3673 225 3738 besonders
244 3683 304 3738 dem
314 3683 395 3737 Plato
413 3683 472 3738 eine
489 3681 560 3736 hohe
578 3679 795 3751 Bewunderung,
815 3681 867 3735 den
885 3698 913 3734 er
930 3679 983 3733 den
991 3679 1096 3733 Homer
1113 3676 1159 3731 101
1177 3677 1240 3731 Phr-

84 3741 209 3820 lcsophen
227 3755 337 3806 nannte.
354 3750 416 3822 Vgl.
435 3752 515 3805 Tusa.
532 3751 547 3805 I
565 3755 607 3813 32,
621 3754 653 3804 19
671 3748 821 3804 Credamus
838 3749 925 3820 igitur
941 3747 1074 3802 Panaetio
1093 3765 1109 3800 a
1127 3746 1241 3828 Platone

86 3829 130 3869 suo
148 3819 322 3876 dissentienti
340 3823 390 3875 etc.
466 3818 702 3874 Dicaearchus
720 3836 769 3872 aus
787 3819 924 3883 Messana,
942 3816 1055 3872 Scht'rler
1073 3815 1240 3870 101111010-

85 3882 154 3949 telos,
181 3887 932 4011 111111011110111111111111ἀναγῗιαφὴῈλλάόος.
969 3885 1049 3941 Naoh
1067 3885 1147 3939 Tusa.
1165 3885 1180 3938 Ι
1199 3887 1240 3946 31,

86 3952 115 4003 II
132 3954 169 4011 ist
186 3977 215 4014 er
232 3958 302 4013 auch
321 3958 461 4012 Verfasser
478 3959 549 4012 eines
567 3956 690 4027 philosop
712 3955 804 4011 ischen
822 3955 932 4010 Werkes
951 3954 1120 4028 Δεσβιακοί.

114 4087 120 4100 ·
151 4025 202 4082 80.
220 4045 301 4082 vero
319 4027 371 4098 ‘ja'.
390 4027 484 4082 Duroh
502 4044 564 4081 vero
582 4025 649 4080 wird
667 4025 726 4080 eine
744 4024 892 4094 bejahende
904 4027 1031 4080 Antwort
1049 4020 1240 4092 ausgedriickt.

86 4085 150 4144 Hier
166 4095 205 4150 ist
222 4095 271 4150 das
288 4095 370 4150 Pron.
389 4115 439 4150 nos
457 4093 606 4164 hinzugeh'i
626 4097 651 4159 t;
678 4097 756 4148 sonat
774 4093 849 4148 steht
867 4094 938 4148 auch
955 4111 1017 4148 vero
1044 4091 1140 4155 allelu,
1168 4109 1190 4143 1.
1208 4089 1240 4142 B.

87 4113 724 4235 11101111,2611101100000,01010,01111
741 4162 858 4216 Athenis
877 4179 964 4225 esses,
992 4163 1022 4215 iu
1041 4159 1138 4214 scholis
1175 4157 1241 4212 hilo·

89 4227 237 4298 1011011111.
273 4233 343 4288 Vero
356 4253 387 4288 ac
404 4233 519 4288 libenter
536 4233 654 4303 quidem.
689 4232 770 4286 Mehr
788 4230 832 4287 bei
850 4229 964 4300 Madvig
983 4232 995 4294 §
1016 4233 1074 4282 454.
1145 4176 1173 4279 Sp

88 4296 209 4366 pulum,
227 4302 380 4373 inquam,
399 4302 544 4357 abeunti
562 4301 646 4356 ntml.
664 4300 751 4355 inicis.

1170 4243 1241 4280 oru-
