2942 4950
377 343 440 397 Lm.
458 342 509 397 111.
545 342 610 399 Can.
630 342 826 398 XXI-XXII.
862 345 890 410 ἐξ
909 347 1020 400 70-ἵὸ.
1210 349 1271 414 167

110 513 212 597 iungi
235 519 279 592 θὴ,
304 513 463 598 quidquid
485 534 625 596 aequum
647 513 835 598 iustumque
859 522 963 595 esset,
987 516 1022 580 id
1045 517 1144 582 etiam
1167 520 1269 584 hone-

111 621 216 696 stum,
240 615 460 699 vicissimque,
485 615 645 701 quidquid
661 623 749 681 esset
763 619 950 697 honestum,
973 619 1009 682 id
1024 619 1149 684 iustum
1171 621 1281 686 etiam*

112 725 218 802 atque
241 739 381 802 aequum
403 717 484 782 fore.
515 717 577 802 (72)
601 719 657 783 Ad
679 740 799 802 easque
821 720 972 799 virtutes,
998 721 1038 784 de
1062 721 1181 805 quibus
1199 721 1270 788 ¹dis·

113 825 272 904 putatum
294 827 356 900 est,
381 820 588 886 dialecticam
612 820 713 886 etiam
734 821 921 906 adiungunt
943 829 978 886 θὴ
992 822 1175 909 physicam,
1199 846 1269 890 eas-

113 945 180 1006 que
204 923 317 988 ambas
339 923 502 988 virtutum
516 923 647 988 nomine
663 925 843 1009 appellant,
868 925 1016 1004 alteram,
1041 927 1128 1011 quod
1147 929 1269 992 habeat

113 1025 299 1105 rationem,
331 1045 372 1090 ne
405 1026 457 1092 cui
488 1025 572 1090 falso
596 1027 811 1091 assentiamur
841 1048 923 1092 neve
955 1049 1099 1112 unquam
1121 1031 1270 1115 captiosa

113 1127 352 1210 probabilitate
374 1127 538 1207 fallamur,
564 1149 677 1211 eaque,
702 1149 784 1212 quae
808 1127 848 1192 de
870 1129 966 1194 bonis
982 1137 1017 1193 et
1031 1131 1126 1196 malis
1146 1131 1268 1197 didice-

111 1229 238 1309 rimuS,
271 1236 310 1294 ut
340 1236 453 1295 tenere
484 1231 636 1316 tuerique
666 1230 841 1315 possimus.
886 1233 974 1296 Nam
1006 1233 1074 1297 sine
1105 1234 1167 1297 hac
1198 1241 1268 1300 arte

112 1333 265 1418 quemvis
297 1334 499 1399 arbitrantur
530 1357 549 1398 a
580 1356 657 1398 vero
690 1333 810 1398 abduci
842 1334 979 1419 fallique
1010 1359 1119 1421 posse.
1165 1339 1268 1402 Recte

110 1437 239 1522 igitur,
271 1437 299 1500 si
322 1436 474 1501 omnibus
496 1437 530 1501 in
556 1437 656 1501 rebus
687 1437 857 1501 temeritas
889 1437 1119 1522 ignoratioque
1150 1439 1269 1506 vitiosa

111 1546 188 1617 est,
235 1561 287 1603 ars
332 1561 389 1619 ea,
436 1561 518 1622 qnae
562 1539 653 1604 tollit
697 1541 797 1618 hacc,
843 1537 948 1604 virtus
992 1541 1160 1606 nominata
1205 1549 1267 1607 est.
1347 1541 1350 1549 “

110 1641 233 1706 XXII.
279 1639 341 1726 (73)
373 1641 535 1726 Physicae
558 1663 690 1726 quoqne
712 1631 870 1707 non'sine
895 1665 991 1708 causa
1013 1643 1158 1708 tributus
1181 1645 1270 1710 idem

112 1748 173 1808 cst
192 1746 308 1824 hono's,
332 1752 507 1830 propterea
529 1744 637 1829 quod,
668 1745 723 1829 qui
747 1745 981 1810 convenienter
1003 1751 1139 1811 naturae
1162 1748 1268 1813 victu·

116 1869 178 1912 rus
199 1854 257 1926 est,
283 1847 313 1911 ei
334 1846 609 1932 proficiscendum
632 1855 682 1912 est
705 1849 746 1912 ab
770 1847 860 1913 omni
881 1848 1003 1912 mundo
1026 1855 1125 1934 atque
1140 1851 1182 1915 ab
1200 1851 1269 1916 eius

112 1949 357 2034 procuratione.
404 1948 475 2013 Nec
499 1971 576 2014 vero
599 1956 712 2034 potest
739 1950 911 2035 quisquam
936 1950 1093 2015 debonis
1117 1957 1151 2016 θὴ
1174 1953 1268 2017 malis

110 2073 191 2117 vere
213 2050 357 2116 iudicare
379 2051 443 2115 nisi
466 2051 554 2117 omni
570 2053 705 2136 cognita
719 2052 845 2117 ratione
860 2059 998 2117 naturae
1015 2059 1049 2116 et
1064 2054 1151 2118 vitae
1168 2054 1269 2120 etiam

110 2156 264 2234 deorum,
289 2159 323 2218 θὴ
341 2160 453 2219 utrum
470 2155 644 2219 conveniat
667 2176 770 2220 neone
794 2160 912 2219 natura
935 2155 1076 2220 hominis
1100 2178 1174 2220 oum
1196 2157 1269 2221 uni·

107 2280 222 2323 versa.
269 2259 427 2341 Quaeque
449 2262 528 2320 sunt
550 2262 663 2322 vetera
684 2265 861 2343 praccepta
882 2258 1098 2342 sapientium,
1132 2260 1189 2343 qui
1219 2259 1269 2324 iu·

107 2363 198 2426 bont
219 2358 392 2444 tempori
414 2381 552 2445 parere
581 2366 615 2423 θὴ
643 2360 758 2445 sequi
779 2361 893 2426 deum
923 2364 1018 2424 etse
1041 2381 1206 2426 noscere
1235 2367 1271 2426 et

107 2461 218 2528 nihil
242 2461 377 2540 nimis,
408 2463 489 2525 haec
522 2461 592 2525 sine
620 2461 767 2547 physicis
791 2484 888 2546 quam
912 2462 978 2526 vim
1001 2463 1211 2528 habeant-
1234 2470 1269 2528 et

105 2686 206 2749 §33OE
294 2686 329 2737 et
346 2682 510 2753 quidquid
528 2700 669 2752 aequum
687 2683 883 2754 iustumque
900 2687 992 2738 esset
1009 2686 1059 2739 eto.
1094 2684 1188 2740 Madvi
1225 2686 1267 2741 be·

108 2751 215 2814 merkt,
234 2749 289 2804 Cic.
301 2751 370 2805 habe
388 2751 447 2806 hier
463 2751 540 2806 nicht
557 2751 610 2806 mit
627 2751 675 2806 der
691 2751 786 2822 gehori
806 2769 839 2806 en
851 2752 972 2823 Sorgfalt
989 2753 1169 2822 geschrieben.
1188 2704 1267 2810 imm

106 2817 233 2874 dariiber
250 2820 289 2874 sei
306 2819 369 2873 kein
387 2819 472 2874 Streit
489 2837 617 2890 genesen,
636 2819 699 2874 dass
717 2819 766 2874 das
783 2770 880 2892 hillige
897 2819 955 2874 und
973 2820 1103 2877 Gereohte
1121 2823 1191 2878 auch
1209 2823 1267 2878 citt·

106 2889 222 2958 liohgut
239 2888 285 2943 sei.
302 2889 381 2943 Auoh
399 2889 489 2970 intinge
506 2887 553 2942 der
569 2887 700 2944 Godanke
718 2889 796 2944 nicht
813 2891 865 2945 mit
882 2890 944 2944 dem
961 2889 1067 2945 Vorher
1087 2891 1206 2946 ehenden
1223 2909 1266 2946 zn-

106 2975 243 3012 sammem
280 2956 334 3012 oie.
352 2957 430 3012 hitto
447 2956 575 3011 nelmehr
592 2957 733 3013 schreiben
750 2961 873 3014 miiesenr
898 2962 926 3014 et
944 2959 1058 3030 quidqui
1095 2979 1111 3014 a
1144 2979 1210 3015 uum
1227 2961 1266 3014 iu·

105 3030 242 3095 stumque
258 3029 335 3092 esset,
353 3025 382 3079 id
401 3026 483 3079 etiam
501 3025 575 3090 utile,
592 3025 773 3096 vicissimque,
786 3027 918 3097 quidquid
936 3031 1006 3082 esset
1023 3029 1097 3093 utile,
1115 3028 1125 3082 i
1162 3029 1266 3084 iustum

105 3095 198 3148 etiam
216 3097 297 3165 atque
315 3111 430 3164 aequum
447 3093 513 3148 fore,

186 3160 230 3214 ta.
265 3162 408 3218 alteram
450 3161 917 3218 uodhabeatrationemeto.
947 3164 1266 3234 Diezweite,diePhy·

111 3230 170 3290 sik,
196 3228 223 3283 io
250 3234 354 3296 teto.
389 3180 478 3286 Uehcr
495 3230 538 3285 die
556 3227 734 3300 Tugendder
752 3231 887 3285 Disiectik
914 3251 935 3286 s.
953 3232 1033 3302 Diog.
1051 3234 1143 3288 Laert.
1160 3233 1216 3288 VII
1233 3237 1266 3286 46

111 3297 214 3366 Αὐτὴν
248 3300 521 3371 trenorcienses
545 3298 704 3376 ἀναγκαίαν
733 3295 807 3354 εἶναι
834 3306 881 3355 καὶ
909 3299 1012 3376 ἀρετὴν
1031 3303 1062 3356 ἐν
1090 3301 1162 3356 εἴδει
1188 3323 1266 3376 περι·

104 3367 956 3494 ittttttftthfh?ttt‘sstttttmt’titti}
974 3369 1111 3494 'titt‘
1126 3391 1265 3494 ‘ittet'

106 3507 189 3590 ὥσξε
206 3507 243 3577 μὴ
264 3461 410 3592 &witigim
430 3461 507 3576 chop
518 3519 524 3532 ¹
543 3506 643 3592 τῆσδὲ
663 3460 841 3582 ἆνξλθῇξίαέ,
855 3460 943 3576 iopen
958 3461 992 3562 hv
1011 3460 1111 3591 2679qu
1136 3506 1216 3594 ciens
1243 3462 1264 3526 r,

105 3575 288 3651 ἀπαγθσθαι
305 3575 345 3630 ὑπ
373 3581 463 3630 αυτοῦ
482 3577 523 3639 εἰς
539 3576 571 3629 τὸ
592 3581 804 3648 αντικεὶμενον·
834 3577 882 3645 τὴν
901 3577 933 3630 δὲ
962 3575 1174 3649 ἀματαιστηια,
1204 3531 1265 3640 ciii

104 3643 324 3716 ἀναφέρουσαν
341 3645 392 3708 τὰς
410 3647 573 3714 φαντασίας
591 3644 638 3698 ἐπὶ
655 3645 704 3700 τὸν
723 3643 818 3716 ὀρθὸν
836 3644 930 3722 λόγον.

182 3711 230 3765 te.
265 3711 433 3782 Physicae
459 3729 596 3782 quoque.
629 3711 711 3766 Nach
737 3713 875 3768 Plutarch.
903 3712 935 3766 de
962 3712 1043 3766 Stoic.
1071 3729 1182 3797 repugn.
1209 3715 1264 3766 ct

104 3783 190 3851 sagte
208 3779 342 3851 Chrysipp
360 3780 389 3834 in
407 3780 498 3836 seinen
517 3787 639 3852 φυσικαὶ
656 3785 760 3847 θέσεις
778 3800 820 3834 so:
859 3780 900 3836 Ori
919 3781 975 3859 γαρἸ
994 3781 1070 3836 ἐστιν
1089 3781 1180 3846 ἀλλοις
1199 3779 1262 3838 οὐδ’

104 3849 289 3924 οἰκειότερον
308 3851 445 3906 ἐπελθεῖν
464 3851 510 3906 ἐπὶ
529 3851 578 3906 τὸν
596 3857 651 3908 τῶν
670 3849 794 3928 ἀγαθῶν
813 3855 860 3904 καὶ
887 3856 981 3905 κακῶν
1008 3849 1095 3927 λόγον
1123 3849 1187 3905 οὐδ’
1219 3851 1265 3906 ἐπὶ

102 3919 161 3982 τὰς
180 3917 286 3994 ἀρετὰς
305 3917 368 3974 οὐδ’
390 3920 436 3974 ἐπὶ
455 3917 661 3992 εὐδαιμονίαν,
690 3918 747 3973 ἀλλ’
768 3919 784 3991 ἢ
804 3918 860 3974 ἀπὸ
879 3924 928 3988 τῆς
951 3925 1048 3990 κοινῆς
1073 3919 1191 3990 φύσεως
1218 3924 1266 3973 καὶ

104 3987 169 4043 ἀπὸ
190 3993 240 4058 τῆς
258 3993 310 4042 τοῦ
328 3986 440 4110 aqppoo
461 3987 638 4058 διοικήσεως.
759 3990 874 4041 utrum
893 3987 1079 4042 conveniat
1097 3991 1146 4042 etc.
1183 3987 1263 4058 Diog.

101 4057 204 4111 Laert.
222 4055 278 4110 VII
295 4059 328 4110 87
400 4078 434 4131 ρη
455 4058 489 4110 αἱ
502 4057 639 4130 ἡμέτεραι
657 4055 762 4126 φύσεις
779 4062 828 4126 τῆς
844 4061 897 4110 τοῦ
917 4055 995 4112 ὅλου.
1117 4057 1265 4125 tempori

100 4141 243 4196 parere:
279 4123 504 4210 Phoopl.v.112
531 4131 623 4198 καιρῷ
644 4125 792 4200 λατρεύειν
818 4123 886 4197 μηδ’
916 4124 1076 4180 ἀντιπνέειν
1104 4124 1263 4246 corporum.

101 4192 208 4262 sequi
226 4191 321 4248 deum
349 4195 420 4249 e'ooo
439 4196 522 4258 θεῶ,
552 4193 597 4248 ein
614 4193 695 4257 Sata,
723 4193 770 4246 der
787 4192 849 4250 dem
866 4193 1039 4264 Pythagoras
1056 4211 1152 4264 zugeec
1173 4191 1264 4245 rieben

100 4260 188 4318 wind.
291 4279 324 4315 se
342 4260 530 4316 noscere'et
548 4261 638 4316 nihil
655 4261 773 4316 nimis:
803 4266 900 4339 γνῶθι
920 4261 1051 4327 σεαυτόν,
1071 4263 1160 4334 μηδὲν
1180 4259 1263 4337 cipeto.

100 4329 280 4386 caritates
302 4329 497 4385 ‘verschiedene
513 4331 599 4385 Arten
617 4330 797 4385 freundlioher
814 4330 1016 4386 Verhtltnisse'.
