3024 4938
472 323 535 377 nn.
554 323 576 376 1.
612 291 759 376 cmxx.
794 323 823 386 §a
843 324 953 375 ca-ea
1253 322 1294 384 45

124 493 283 558 sentibus
308 493 479 572 fruuntur,
511 493 693 556 sedetiam
718 515 775 576 spe
799 493 971 576 eriguntur
995 491 1228 576 consequentis
1256 514 1295 556 ac

129 595 258 681 posteri
279 596 452 680 temporis.
500 596 600 660 Quod
623 595 699 679 quia
721 596 815 660 nullo
839 596 937 659 modo
971 595 1042 658 sinc
1069 595 1214 659 amicitia
1240 595 1294 658 fir-

129 723 218 763 mam
242 707 278 763 et
301 709 495 785 perpetuam
517 699 759 763 iucunditatem
781 699 871 762 vitae
892 704 1005 763 tenere
1028 721 1214 782 possumus,
1239 720 1295 762 ne-

130 821 194 883 que
217 822 297 864 vero
320 800 427 884 ipsam
450 799 630 864 amicitiam
652 799 749 877 tueri,
774 798 837 862 nisi
858 820 960 883 aeque
977 799 1100 862 amicos
1116 804 1150 862 et
1164 809 1297 863 nosmet

130 899 221 985 ipsos
239 901 430 985 diligamus,
455 894 630 965 idcirco'et
652 903 717 965 hoc
740 901 848 985 ipsum
871 900 1015 965 efficitur
1037 900 1071 965 in
1095 901 1240 965 amicitia
1264 907 1298 965 et

131 1004 278 1068 amicitia
302 1027 376 1068 cum
398 1005 573 1090 voluptate
598 1005 784 1069 conectitur
790 1029 799 1081 ;
833 1025 911 1067 nam
934 1008 967 1068 et
989 1005 1152 1067 laetamur
1175 1003 1295 1068 amico·

131 1129 205 1170 rum
227 1108 359 1172 laetitia
381 1129 484 1191 aeque
508 1115 608 1192 atque
631 1115 746 1172 nostra
769 1114 804 1172 et
835 1107 959 1192 pariter
986 1107 1135 1172 dolemus
1164 1109 1295 1192 angori-

130 1210 206 1273 bus.
255 1209 321 1294 168)
347 1210 511 1275 Quocirca
535 1210 651 1274 eodem
674 1209 772 1274 modo
802 1210 932 1294 sapiens
962 1209 1025 1273 erit
1051 1212 1189 1274 affectus
1217 1232 1296 1294 erga

126 1311 297 1390 amicum,
331 1335 395 1396 quo
419 1312 453 1376 in
476 1313 662 1396 seipsum,
697 1334 845 1396 quosque
874 1312 1005 1376 labores
1037 1320 1173 1398 propter
1203 1336 1296 1378 suam

127 1415 342 1499 voluptatem
365 1415 561 1500 susciperet,
586 1415 720 1480 eosdem
744 1415 904 1501 suscipiet
925 1423 1062 1500 propter
1084 1417 1180 1482 amici
1206 1419 1296 1481 volu-

127 1522 279 1602 ptatem3
306 1541 454 1603 quaeque
479 1520 518 1582 de
543 1519 725 1584 virtutibus
750 1519 951 1598 dictasunt,
977 1541 1074 1603 quem
1097 1521 1297 1586 admodum

129 1642 191 1684 eae
214 1642 343 1704 semper
367 1622 598 1706 voluptatibus
621 1622 848 1701 inhaererent,
879 1622 993 1687 eadem
1017 1623 1057 1688 de
1081 1624 1226 1688 amicitia
1249 1627 1297 1690 di-

128 1724 240 1788 cenda
261 1731 350 1788 sunt.
397 1725 569 1788 Praeclare
593 1725 678 1788 enim
696 1724 858 1810 Epicurus
882 1726 933 1789 his
956 1747 1059 1810 paene
1081 1727 1202 1805 verhiS,
1228 1727 1296 1791 Ea·

133 1826 240 1904 dem,
261 1826 383 1910 inquit,
409 1827 612 1892 sententia
636 1827 901 1892 confirmavit
925 1829 1114 1907 animum,
1131 1851 1176 1894 ne
1193 1831 1296 1914 quod

130 1936 205 1993 aut
242 1929 534 2014 sempiternum
566 1937 635 1994 aut
667 1930 899 1996 diuturnum
930 1932 1097 1996 timeret
1135 1933 1295 2012 malum,

131 2054 233 2115 quae
256 2032 463 2116 perspexit
486 2033 524 2096 in
557 2035 631 2097 hoc
663 2033 750 2118 ipso
782 2033 890 2097 vitae
923 2035 1057 2117 spatio
1089 2034 1296 2099 amicitiae

130 2134 384 2218 praesidium
408 2157 492 2199 esse
514 2135 804 2199 firmissimum.
843 2135 908 2219 (69)
934 2138 1019 2199 Sunt
1035 2141 1146 2200 autem
1163 2137 1297 2221 quidam

128 2237 291 2321 Epicurei
312 2236 496 2301 timidiores
518 2238 618 2323 paulo
643 2241 758 2301 contra
780 2242 891 2301 vestra
914 2237 1075 2317 convitia,
1104 2239 1163 2302 sed
1184 2245 1298 2304 tamen

129 2338 216 2403 satis
240 2339 353 2412 acuti,
388 2340 444 2424 qui
466 2347 708 2419 versaturus,
742 2341 770 2404 si
793 2339 970 2405 amicitiam
993 2345 1128 2426 propter
1150 2349 1299 2406 nostram

129 2443 344 2526 voluptatem
364 2443 585 2526 expetendam
601 2449 768 2527 putemus,
793 2447 867 2508 tota
890 2443 1034 2508 amicitia
1057 2444 1152 2528 quasi
1175 2445 1298 2511 claudi·

130 2565 209 2608 care
232 2543 396 2608 videatur.
443 2545 563 2629 Itaque
586 2545 709 2630 primos
733 2568 930 2630 congressus
954 2537 1248 2632 copulationesque
1265 2557 1299 2611 et

130 2647 416 2712 consuetudinum
438 2647 718 2713 instituendarum
741 2651 932 2715 voluntates
955 2649 1027 2714 fieri
1048 2657 1183 2735 propter
1207 2653 1299 2714 volu·

129 2756 274 2836 ptatem,
300 2772 376 2815 cum
392 2756 502 2814 autem
518 2773 597 2814 usus
617 2751 834 2836 progrediens
858 2752 1118 2818 familiaritatem
1141 2753 1298 2832 effecerit,

130 2865 209 2919 tum
232 2875 378 2920 amorem
402 2853 607 2919 efflorescere
630 2862 775 2934 tantum,
799 2865 853 2934 ut,
878 2857 980 2920 etiam
1002 2856 1032 2919 si
1054 2857 1146 2921 nulla
1169 2858 1214 2920 sit
1236 2858 1299 2922 uti-

131 2959 214 3022 litas
231 2979 272 3022 ex
288 2957 446 3036 amicitia,
470 2965 584 3022 tamen
599 2958 661 3044 ipsi
685 2959 783 3024 amici
805 2967 941 3044 propter
964 2982 998 3024 se
1022 2961 1110 3046 ipsos
1134 2969 1296 3026 amentur.

130 3059 268 3123 Etenim
292 3059 320 3122 si
343 3059 432 3138 loca,
457 3059 485 3122 si
507 3059 598 3139 fana,
624 3060 653 3124 si
676 3061 791 3139 urbes,
817 3060 845 3124 si
868 3062 1057 3145 gymnasia,
1083 3062 1111 3126 si
1135 3085 1297 3147 campum,

132 3297 171 3350 de
191 3300 255 3350 orat.
272 3297 318 3352 III
336 3301 379 3359 54,
399 3301 449 3352 201
468 3301 510 3352 est
528 3300 621 3352 autem
633 3296 766 3432 {tardatio
785 3295 919 3366 quaedam
933 3302 1004 3351 -et
1021 3275 1113 3369 imago
1132 3303 1160 3354 et
1178 3299 1302 3370 sibiipsi

130 3365 575 3515 111111011110111111
595 3439 642 3498 12,
661 3365 1301 3492 1111111111111111111111111

130 3507 233 3560 wernet
251 3507 303 3558 mit
322 3503 374 3558 den
393 3503 568 3559 Wemenden.

205 3571 255 3626 08.
291 3572 541 3642 voluptatibus
559 3573 784 3628 inhaererent
812 3572 869 3627 ‘wie
895 3573 934 3629 sie
958 3577 1026 3629 stete
1050 3574 1109 3629 ihre
1127 3574 1237 3630 Wnrzel
1263 3575 1302 3629 im

129 3641 301 3730 Vergniigen
318 3641 434 3696 hatten'.
453 3641 583 3710 thslsb.
604 3645 660 3706 120,
679 3647 703 3696 2.
765 3641 820 3696 his
839 3661 947 3713 paone
964 3643 1091 3698 verbis:
1110 3644 1191 3713 Diog.
1210 3645 1303 3698 naen.

130 3709 162 3764 X
183 3713 232 3764 148
268 3711 306 3764 Η
329 3709 399 3782 αὐτὴ
428 3709 485 3788 proi
510 3734 525 3782 η
553 3714 681 3788 θαρρεῖν
709 3733 738 3767 τε
759 3713 895 3784 ἐποίησεν
913 3713 985 3787 ὑπὲρ
1005 3719 1056 3768 τοῦ
1074 3714 1164 3786 μηδὲν
1184 3713 1302 3769 αἰώνιον

131 3775 212 3836 εἶναι
231 3779 329 3834 δεινὸν
348 3780 420 3852 μηδὲ
440 3800 477 3834 πο
495 3779 634 3854 opprimor
654 3785 702 3835 acl
721 3782 752 3834 ἐν
767 3779 866 3844 αὐτοῖς
878 3789 939 3844 τοῖς
952 3783 1125 3857 ὡρισμένοις
1137 3781 1302 3853 ἀσφάλειαν

134 3850 220 3918 φιλίᾳ
263 3848 366 3902 άλιστα
386 3847 499 3902 κατεῖδε
514 3851 751 3922 συντελουμένην.

212 3917 264 3970 6.
301 3917 388 3970 Sunt
406 3919 518 3970 autem
567 3917 683 3971 uidam
710 3919 875 3981 s.au§66.
980 3920 1079 3989 quasi
1106 3920 1303 3974 claudicare

131 3985 297 4057 ‘gleichsam
316 3984 368 4040 auf
382 3984 540 4040 schwachen
580 3988 663 4040 iissen
681 3986 792 4040 stehen'.
817 3986 849 4040 de
866 3989 923 4040 nat.
943 3986 1103 4052 deor.138,
1124 3993 1172 4042 101
1191 3992 1304 4058 totaque

131 4073 180 4109 res
198 4053 309 4108 vacillat
327 4063 354 4108 et
372 4053 516 4108 claudicat.
585 4055 711 4124 Itaque
728 4055 853 4125 primos
871 4073 1079 4125 congressus
1097 4061 1146 4112 etc.
1165 4059 1223 4112 hus
1242 4057 1304 4111 dem

131 4121 375 4216 vorhcrpehendeu
392 4126 520 4178 verentur
538 4121 576 4176 ist
593 4123 690 4176 dicunt
707 4141 741 4177 zu
760 4123 930 4178 entnehmen.
1018 4125 1239 4182 efflorescere
1257 4131 1303 4179 ‘er-

130 4191 259 4258 bliihen3
292 4191 416 4247 desselbe
442 4190 505 4246 Bild
532 4190 791 4254 decrat.16,20.
825 4192 854 4246 Π
874 4196 919 4256 18,
940 4196 999 4246 319.
1034 4193 1224 4257 deamic2‘l,
1245 4199 1302 4247 100.

156 4265 280 4332 ropter
299 4261 445 4332 seipsos
471 4259 659 4332 ‘unmittelbar
677 4279 725 4314 nm
743 4259 817 4314 ihrer
834 4260 918 4315 solbet
936 4262 1040 4316 willen’.
1128 4265 1159 4316 si
1177 4263 1251 4317 loca
1271 4263 1304 4316 si

130 4281 215 4386 lana
234 4335 284 4384 etc.
304 4329 355 4383 Die
372 4328 520 4400 Anaphora
539 4347 592 4382 von
611 4328 829 4391 ε1Π22,13.11
848 4334 889 4391 24,
908 4334 940 4382 69
959 4330 1017 4384 und
1035 4331 1078 4384 die
1096 4350 1150 4385 von
1168 4338 1200 4386 ut
1219 4333 1244 4386 V
1262 4339 1303 4394 20,
