3024 4938
419 339 484 394 Ina.
502 339 524 394 1.
561 338 628 394 Gar.
647 337 815 393 XIX-XX.
851 341 880 404 §5
899 341 1010 393 63-65.
1253 341 1294 402 43

127 511 212 594 quid
236 511 393 594 cognosci
415 517 450 574 et
473 510 608 595 percipi.
655 511 748 574 Quos
772 509 827 594 qui
859 511 985 574 tollunt
1018 517 1052 575 et
1083 510 1167 575 nihil
1197 533 1295 596 posse

130 612 259 696 percipi
282 612 413 692 dicunt,
447 613 471 677 ii
492 611 627 678 remotis
652 613 803 677 sensibus
827 634 868 676 ne
891 613 925 677 id
953 613 1060 697 ipsum
1084 613 1217 697 quidem
1241 635 1295 678 ex-

131 717 247 800 pedire
262 721 413 800 possunt,
440 716 527 801 quod
551 717 727 780 disserunt.
753 719 928 781 Praeterea
952 716 1083 780 sublata
1106 718 1296 801 cognitione

129 826 166 882 et
192 819 331 882 scientia
353 819 486 882 tollitur
508 819 614 884 omnis
637 818 721 882 ratio
746 824 779 882 et
806 818 894 882 vitae
925 819 1094 903 degendae
1123 828 1157 883 et
1187 841 1296 885 rerum

129 923 362 1006 gerendarum.
389 923 444 987 Sic
467 923 647 1008 ephysiois
672 930 706 986 et
728 921 1051 987 fortitudo—sumitur
1075 931 1189 987 contra
1210 947 1296 988 mor·

131 1025 177 1088 tis
194 1025 348 1090 timorem
364 1030 399 1088 et
422 1025 610 1089 constantia
634 1030 749 1110 contra
771 1030 898 1089 metum
920 1025 1089 1109 religionis
1113 1029 1146 1088 et
1169 1025 1296 1090 sedatio

129 1129 232 1193 animi
258 1130 403 1193 omnium
424 1151 534 1194 rerum
557 1129 763 1193 occultarum
784 1128 992 1212 ignoratione
1016 1130 1148 1193 sublata
1171 1135 1205 1193 et
1227 1152 1296 1193 mo·

131 1231 264 1296 deratio
296 1239 414 1295 natura
447 1231 668 1316 cupiditatum
685 1231 942 1316 generibusque
975 1254 1086 1296 earnm
1123 1231 1297 1315 explicatis

130 1341 179 1412 et,
204 1341 244 1396 ut
267 1333 364 1397 modo
389 1334 504 1411 docui,
537 1333 737 1418 cognitionis
759 1333 877 1417 regula
900 1340 935 1397 et
957 1334 1078 1398 iudicio
1112 1334 1152 1398 ab
1183 1333 1299 1398 eodem

126 1438 192 1502 illo
217 1438 402 1501 constituto
427 1438 495 1501 veri
518 1461 537 1501 a
559 1437 643 1500 falso
669 1437 839 1502 distinctio
863 1438 1017 1503 traditur.

219 1541 298 1604 XX.
345 1539 556 1626 (obticescat
587 1541 681 1604 locus
713 1541 791 1606 huic
823 1541 1040 1625 disputationi
1071 1544 1125 1607 vel
1157 1543 1298 1608 maxime

130 1637 338 1726 necessarius
363 1643 403 1707 de
428 1644 589 1722 amicitia,
616 1666 730 1727 quam,
756 1643 784 1707 si
806 1645 962 1730 voluptas
986 1669 1150 1711 summum
1174 1647 1217 1710 sit
1239 1648 1297 1711 bo-

130 1771 231 1828 num,
259 1747 432 1812 affirmatis
456 1747 583 1823 nullam
606 1747 737 1812 omnino
761 1746 848 1824 fore;
879 1748 919 1813 de
950 1773 1014 1833 qua
1036 1750 1198 1836 Epicurus
1227 1751 1298 1834 qui-

134 1851 214 1915 dem
233 1851 281 1916 ita
304 1850 403 1930 dicit,
428 1850 575 1915 omnium
597 1872 723 1929 rerum,
754 1873 835 1934 quas
859 1852 901 1915 ad
924 1853 1021 1916 beate
1046 1853 1225 1918 vivendum
1248 1877 1298 1918 sa-

131 1937 263 2037 pientia
278 1953 530 2038 comparaverit,
554 1953 638 2017 nihil
661 1974 734 2016 esse
750 1953 855 2017 maius
872 1953 1027 2032 amicitia,
1053 1956 1137 2020 nihil
1152 1955 1297 2034 uberiuS,

131 2056 220 2121 nihil
243 2055 430 2120 iucundius.
476 2055 549 2119 Nec
573 2077 649 2120 vero
674 2057 738 2119 hoc
767 2056 916 2120 oratione
946 2057 1073 2136 solum,
1105 2058 1163 2120 sed
1190 2058 1298 2121 multo

131 2159 244 2242 magis
267 2159 337 2224 vita
360 2166 395 2223 et
416 2158 515 2223 factis
539 2167 573 2222 et
605 2158 751 2223 moribus
783 2159 1021 2243 comprobavit.
1069 2159 1168 2223 Quod
1201 2181 1299 2243 qnam

127 2283 292 2344 magnum
314 2260 369 2341 sit,
394 2261 492 2326 fictae
517 2269 666 2325 veterum
679 2259 820 2346 {fabulae
837 2260 1017 2339 declarant,
1043 2261 1077 2324 in
1093 2261 1212 2345 quibus
1228 2267 1299 2324 tam

127 2365 251 2430 multis
273 2371 408 2449 tamque
431 2365 529 2430 variis
554 2365 594 2428 ab
618 2363 737 2427 ultima
760 2363 958 2449 antiquitate
980 2364 1133 2448 repetitis
1157 2363 1221 2428 tria
1244 2364 1300 2429 vix

122 2609 167 2676 „nt
186 2610 249 2661 tum
277 2605 392 2677 denique
418 2606 556 2661 iudicetur
581 2605 712 2662 beatusne
735 2606 836 2670 fuerit,
864 2626 927 2662 oum
951 2611 1104 2662 extremum
1129 2607 1202 2661 vitae
1229 2606 1300 2662 diem

132 2679 224 2731 morte
242 2675 406 2744 confecerit),
424 2675 553 2732 wahren}
576 2679 636 2730 tum
654 2676 765 2730 demum
792 2675 835 2730 ‘da
854 2679 917 2730 erst'
935 2695 988 2732 von
1007 2675 1167 2747 objeotivem
1185 2675 1300 2730 Charac-

130 2749 177 2800 tcr
196 2744 243 2800 ist.
279 2744 432 2800 Gonaneres
449 2745 494 2799 bei
511 2744 633 2800 Wichert
651 2745 698 2800 let.
718 2745 788 2800 Still.
807 2745 835 2798 S.
853 2749 902 2800 857
922 2746 949 2800 ff.
1054 2744 1138 2815 quos'
1157 2745 1215 2815 qui
1232 2745 1299 2798 tol-

130 2816 211 2868 lnnt
237 2814 348 2868 vertritt
366 2813 418 2868 den
436 2813 590 2884 Gegensatz
608 2832 672 2868 zum
694 2813 920 2884 vorangehenden
946 2814 1033 2869 Bedin
1074 2833 1092 2868 n
1112 2818 1184 2868 esatz
1212 2813 1301 2884 quisi

132 2900 231 2937 omnes
248 2882 306 2936 veri
323 2886 396 2937 sunt.
416 2883 543 2938 Gemeint
561 2881 623 2936 sind
641 2882 685 2936 die
697 2883 837 2937 Vertreter
854 2883 901 2937 der
919 2901 1019 2938 neuern
1057 2833 1184 2947 cademie,
1203 2881 1301 2937 welche

131 2952 181 3006 die
199 2951 382 3034 Mdghohkeit
400 2951 474 3006 einer
490 2951 674 3008 Erlrenntniss
692 2952 739 3007 der
756 2952 901 3007 Wahrheit
924 2953 1068 3024 leugneteu
1094 2950 1151 3006 und
1178 2971 1214 3006 an
1242 2951 1302 3006 ihre

131 3019 219 3075 Stelle
231 3019 275 3075 dre
286 3019 579 3076 Wchrscheinlichlreit
590 3024 709 3084 setztm,
727 3020 819 3076 iudom
838 3020 876 3076 sic
894 3021 983 3075 daron
1001 3021 1161 3102 ausgingcn,
1179 3021 1242 3075 dass
1261 3039 1301 3074 so-

130 3089 208 3144 wohl
225 3088 272 3143 der
288 3089 359 3144 Sinn
376 3089 417 3144 als
435 3089 482 3144 der
499 3089 636 3144 Verstand
655 3089 716 3144 dem
733 3090 858 3144 Irrthum
876 3090 1057 3145 unterworfen
1075 3109 1157 3146 seren.
1236 3108 1300 3144 me·

132 3163 210 3212 tum
226 3157 414 3230 religionis
433 3158 484 3212 ‘dic
503 3177 552 3212 ans
571 3157 633 3212 dem
650 3158 841 3228 Aberglauben
860 3159 1030 3216 stammende
1048 3160 1168 3213 Enrcht'.
1240 3177 1299 3212 om·

133 3225 233 3280 nium
249 3245 360 3284 rerum
379 3227 594 3282 occultarum
622 3225 779 3298 derjenigen
804 3228 910 3297 Dinge‚
929 3228 1027 3282 welche
1044 3227 1074 3280 in
1091 3227 1138 3281 der
1156 3225 1245 3288 crde.
1272 3226 1301 3280 in

134 3293 190 3348 der
206 3294 289 3360 huit,
316 3315 362 3350 arn
380 3297 503 3352 Himmel
521 3295 670 3419 verborgen
689 3295 758 3351 sind.
795 3297 897 3377 Vgl.o.
918 3299 1084 3360 lasaron
1106 3293 1302 3351 conturbamur

132 3365 309 3434 ignoratione
320 3383 420 3428 rernm,
440 3384 453 3419 c
472 3384 525 3436 qua
544 3366 603 3437 ipsa
642 3364 763 3420 orribiles
781 3368 917 3419 exsrstunt
935 3383 1013 3436 saepe
1030 3363 1198 3418 formidines.
1216 3363 1300 3424 1114,

131 3437 179 3488 46.
198 3433 244 3487 ΠΙ
262 3439 302 3496 11,
321 3437 363 3488 37.
451 3433 646 3490 moderatio
665 3432 748 3488 ntiml.
767 3434 860 3488 animi.
948 3433 988 3488 ab
1007 3434 1119 3488 eodem
1138 3432 1199 3487 illo
1218 3431 1301 3486 nimi.

130 3501 185 3572 qui
202 3501 240 3571 ph
259 3502 314 3558 sica
341 3503 450 3566 docuit,
477 3504 605 3584 Epicuro.
640 3501 824 3558 Dashdschr.
844 3502 991 3559 abcedens
1009 3503 1055 3558 illa
1074 3500 1195 3556 dadurch
1212 3505 1302 3556 retten

131 3590 170 3625 zu
190 3588 231 3624 wo
251 3589 296 3636 en,
319 3571 384 3626 deas
401 3589 466 3626 man
484 3571 527 3626 dre
544 3572 640 3626 Worte
658 3573 686 3627 in
705 3571 814 3628 freierer
832 3572 923 3628 Weiss
940 3572 992 3626 auf
1012 3591 1026 3626 e
1043 3572 1080 3642 ph
1101 3571 1164 3626 sicis
1187 3570 1301 3633 bezieht,

131 3638 269 3694 verbietet
286 3639 426 3696 einerseits
449 3640 496 3694 der
515 3641 533 3695 S
553 3641 618 3696 rech
638 3641 772 3704 ebranch,
800 3641 963 3696 andrerseits
991 3641 1040 3698 der
1084 3639 1211 3703 metand,
1239 3638 1301 3694 dass

130 3707 239 3789 Epicur
256 3707 504 3833 dithRichtschnur
542 3729 570 3764 er
586 3659 768 3766 Edrcnntniss
786 3710 864 3765 nicht
881 3729 935 3764 von
953 3709 1001 3765 der
1018 3709 1124 3781 Physilr
1142 3708 1304 3780 festgestcllt

132 3795 236 3834 crissen
252 3797 292 3833 wo
326 3797 348 3832 e.

206 3865 258 3920 Die
275 3864 489 3924 Ereundschalt.
507 3884 560 3918 von
579 3864 626 3919 der
644 3865 688 3922 die
706 3866 814 3936 Gegncr
830 3864 1001 3936 bebaupten‚
1030 3865 1068 3920 sie
1087 3865 1195 3930 kdnne,
1225 3883 1303 3919 wenn

134 3935 182 3988 die
199 3933 271 3988 Lnst
289 3932 338 3988 das
356 3934 471 3991 bb'chste
489 3933 547 3988 Gut
565 3935 610 3998 sei,
629 3953 679 4006 gar
696 3935 774 3990 nicht
792 3934 928 3999 bestehen‚
947 3935 1051 3990 erklart
1063 3934 1165 4005 Epicur
1181 3935 1227 3989 fiir
1245 3933 1303 3988 eins

135 4004 187 4057 der
204 4002 378 4072 wicbtigsteu
396 4002 489 4059 Mittel
506 4021 540 4056 zu
559 4003 646 4057 cinem
681 4003 794 4059 liiclrseli
815 4021 848 4058 en
865 4001 957 4058 Leben
975 4003 1032 4057 und
1050 4003 1095 4058 far
1122 4003 1166 4058 die
1188 4003 1303 4058 hdchste

135 4072 222 4126 Eorm
240 4071 287 4126 des
305 4071 506 4127 mcnschlichen
524 4024 736 4127 Gemeinledens.
773 4074 783 4138 (
809 4091 851 4143 ap.
870 4075 922 4138 20.)

207 4140 258 4195 65.
295 4141 469 4210 Epicurus
487 4141 537 4195 ita
555 4139 656 4195 dicit:
681 4141 762 4211 Diog.
781 4143 873 4195 Laert.
890 4139 917 4194 X
937 4144 986 4194 148
1006 4134 1045 4196 ὦν
1064 4140 1079 4210 ἡ
1101 4145 1193 4228 copia
1212 4159 1302 4213 παρα-

136 4210 313 4274 σκευάζεται
331 4213 373 4274 εἰς
389 4213 439 4282 τὴν
458 4217 510 4266 τοῦ
530 4209 599 4266 ὅλου
619 4208 685 4282 βίον
705 4211 918 4286 μακαριότητα,
939 4211 1012 4264 πολὺ
1031 4213 1168 4286 μέγιστον
1188 4211 1265 4264 ἐστιν
1285 4208 1300 4278 ἦ

133 4286 185 4360 τῆς
204 4281 306 4350 φιλίας
322 4285 427 4351 κτῆσις.
534 4277 638 4333 fictae
656 4283 809 4334 veterum
827 4277 967 4333 fabulae
985 4276 1037 4330 ‘die
1055 4277 1149 4332 antihe
1166 4275 1303 4346 Mytholo-

134 4349 199 4418 gre,
218 4347 269 4403 wie
285 4347 312 4401 V
331 4352 371 4412 19,
390 4353 421 4402 51
442 4348 481 4402 im
499 4351 628 4418 strengen
645 4347 798 4418 Gegensatz
816 4367 850 4402 zu
867 4346 991 4401 historia.
1062 4346 1135 4399 tria
1152 4345 1210 4399 vix
1227 4345 1303 4398 ami·
