2942 4950
406 317 469 376 Ins.
486 321 520 374 V.
556 319 621 374 Ore.
639 321 748 375 Iv-V.
785 323 813 386 ἐξ
833 325 926 374 9-12,
1178 325 1241 388 223

74 489 164 553 nibus
183 489 290 554 rebus
310 489 472 574 quidquid
488 511 528 554 ex
542 495 683 573 utraque
699 497 791 575 parte
808 490 874 554 diei
890 497 1006 574 posset
1022 485 1239 576 expromeret.

74 588 122 674 (ll)
147 591 235 654 Cum
260 597 378 656 autem
401 592 499 658 tertia
523 615 599 677 pars
614 593 699 656 bene
715 591 849 658 vivendi
863 601 1040 678 praecepta
1057 602 1239 678 quaereret,

74 715 107 758 ea
129 716 265 778 quoque
292 703 348 760 est
363 697 411 760 ‘ab
434 695 553 760 iisdem
575 718 640 759 non
664 697 772 760 solum
795 697 836 761 ad
859 696 1006 782 privatae
1028 698 1119 764 vitae
1141 699 1241 763 ratio·

73 818 161 876 nem,
201 798 265 862 sed
307 798 407 863 etiam
444 799 486 863 ad
520 819 631 863 rerum
665 799 874 883 publicarum
910 799 1091 865 rectionem
1122 802 1260 866 relata(

74 899 228 964 Omnium
253 899 329 964 sere
353 901 529 966 civitatum
551 925 616 965 non
638 902 796 967 Graeciae
820 903 939 983 solum,
964 904 1022 968 sed
1044 905 1146 968 ctiam
1167 903 1241 966 bar·

74 1002 190 1083 bariae,
217 1005 262 1068 ab
291 1005 477 1070 Aristotele
500 1026 620 1086 mores,
653 1006 833 1086 instituta,'
853 1007 1043 1092 disciplinas
1051 1057 1060 1087 ,
1093 1008 1240 1072 aTheo·

74 1107 205 1187 phrasto
241 1107 342 1192 leges
374 1110 475 1173 etiam
501 1109 728 1192 cognovimus.
777 1109 925 1194 Cumque
957 1118 1096 1196 uterque
1128 1133 1240 1175 eorum

75 1207 254 1288 docuisset,
283 1211 417 1294 qualem
440 1212 474 1275 in
497 1232 531 1274 re
562 1211 698 1296 publica
728 1211 909 1297 prinoipem
942 1235 1004 1278 ecce
1038 1211 1240 1290 conveniret,
1334 1268 1336 1276 .

75 1310 219 1391 pluribus
261 1317 436 1396 praeterea
473 1314 752 1398 conscripsisset,
793 1314 849 1398 qui
887 1323 976 1380 esset
1014 1316 1157 1401 optimus
1194 1315 1241 1379 rei

75 1413 224 1492 publicae
251 1421 385 1494 status,
418 1417 483 1479 hoc
514 1416 656 1498 amplius
678 1417 939 1501 Theophrastus,
965 1439 1048 1501 quae
1073 1423 1185 1482 essent
1207 1416 1241 1480 in

77 1535 105 1577 re
127 1517 267 1599 publica
291 1539 403 1582 rerum
417 1518 650 1582 inclinationes
667 1527 701 1583 et
716 1527 885 1584 momenta
899 1524 1098 1605 temporum,
1123 1519 1242 1604 quibus

78 1624 158 1680 esset
181 1620 446 1698 moderandum,
480 1625 659 1704 utcumque
691 1643 743 1686 res
766 1622 962 1705 postularet.
1007 1621 1107 1686 Vitae
1131 1627 1241 1686 autem

80 1720 246 1805 degendae
278 1723 365 1788 ratio
390 1725 532 1788 manime
554 1723 621 1786 illis
646 1725 779 1808 quidem
801 1725 929 1810 placuit
952 1724 1074 1808 quieta,
1106 1725 1141 1790 in
1165 1745 1240 1788 con-

78 1825 297 1906 templatione
322 1831 356 1889 et
379 1826 569 1910 cognitione
592 1827 701 1910 posita
723 1849 847 1905 rerum,
882 1847 966 1909 quae
999 1827 1074 1910 quia
1106 1828 1241 1890 deorum

80 1925 159 1989 vitae
184 1931 261 1993 erat
286 1928 465 2009 simillima,
489 1929 638 2012 sapiente
654 1928 725 1994 visa
741 1936 793 1992 est
813 1927 1019 2012 dignissima.
1060 1931 1173 2012 Atque
1189 1927 1241 1991 his

81 2025 237 2094 derebus
264 2039 301 2095 et
325 2030 498 2115 splendida
521 2036 573 2094 est
598 2052 710 2094 corum
731 2037 767 2094 et
789 2017 1070 2095 illustris'oratio.

160 2130 198 2194 V.
240 2130 305 2216 (12)
335 2133 387 2196 De
411 2154 539 2196 summo
563 2139 675 2196 autem
699 2132 786 2196 bono
810 2131 886 2214 quia
909 2131 973 2194 duo
998 2152 1119 2214 genera
1141 2129 1241 2194 libro-

80 2251 144 2295 rum
174 2233 281 2314 suntj
323 2257 425 2299 unum
455 2234 659 2320 populariter
675 2222 680 2234 ⁸
696 2235 876 2319 seriptum,
918 2234 1006 2318 quod
1043 2231 1240 2318 ἐξωτερικόν

81 2335 315 2418 appellabant,
349 2338 489 2402 alterum
520 2337 687 2417 limatius,
721 2339 809 2422 quod
840 2337 874 2402 in
898 2335 1141 2400 commentariis
1164 2335 1241 2401 reli-

144 2505 190 2560 11.
227 2507 613 2578 benevivendipraece
643 2511 693 2570 ta,
720 2507 1090 2580 dieAufgabederEthilr3
1109 2506 1242 2572 wie§10

84 2569 226 2630 disserendi
243 2580 392 2649 praecepta
411 2575 454 2630 dic
470 2577 532 2631 Aul
548 2576 598 2631 abe
616 2527 663 2632 dor
680 2576 823 2632 Dialectilr.
917 2577 957 2631 ad
998 2576 1133 2631 rivctae
1150 2576 1244 2630 vitae

84 2641 245 2720 rationem
266 2645 329 2699 ‘auf
342 2645 400 2700 eine
418 2595 557 2700 remundi
578 2644 794 2716 eEinrichtung
812 2646 857 2701 des
876 2646 958 2700 Priva
983 2645 1079 2700 ebens’.
1202 2644 1243 2699 ab

84 2707 288 2769 Ar1stotele.
306 2714 368 2769 Von
386 2712 439 2768 den
456 2714 564 2786 politiae
586 2732 619 2768 en
637 2714 774 2769 Schriften
793 2714 840 2769 des
851 2715 884 2769 A.
904 2715 1023 2786 geheren
1041 2713 1148 2768 hierher
1165 2717 1242 2768 πολι·

84 2778 186 2835 ιικά,ἱιι
205 2787 221 2836 8
239 2782 379 2837 Biiohern.
415 2781 478 2837 Von
496 2782 548 2836 den
565 2785 708 2839 πολιτεῖαι
725 2783 856 2846 πόλεων,
880 2784 953 2838 einer
970 2782 1135 2839 Besohreibu
1191 2801 1245 2836 von

86 2847 130 2898 158
139 2847 441 2921 Staatsverfassungen,
459 2851 522 2905 sind
540 2869 592 2906 nur
610 2851 896 2922 einigeBrnohstiicke
913 2852 1078 2908 vorhanden.
1114 2869 1130 2904 a
1172 2851 1243 2905 heo-

85 2913 231 2980 phrasto.
250 2921 284 2975 Τ.
296 2919 374 2974 hatte
386 2920 430 2974 ein
442 2919 525 2974 Werk
543 2926 610 2995 περὶ
628 2920 725 2992 νόμων
738 2921 795 2974 und
813 2927 880 2997 περὶ
897 2928 945 2993 τῆς
964 2920 1082 2996 ἀρίστης
1099 2922 1244 2983 πολιτείας

85 2984 263 3054 geschriehen,
283 2989 313 3042 in
331 2987 419 3045 denen
436 3007 472 3052 er,
491 2988 541 3044 wie
559 3006 587 3043 es
605 2989 724 3043 naohher
741 2989 835 3052 heisst,
854 2989 931 3043 mehr
948 2991 1019 3044 noch
1033 2987 1243 3044 alsrlristoteles

88 3052 132 3104 aul
144 3053 378 3128 Vertnderungen
395 3057 425 3112 in
443 3057 495 3112 den
513 3056 847 3127 Staatsangelegenheiten
864 3059 922 3112 und
945 3057 990 3111 die
1016 3056 1138 3138 dagegen
1164 3070 1243 3112 anzu-

87 3121 244 3182 wendenden
261 3127 357 3182 Mitte
375 3126 558 3181 aufmerhsam
576 3125 692 3180 maohto.
773 3125 808 3179 in
826 3125 1123 3196 contemplatione
1141 3130 1175 3179 et
1193 3143 1244 3178 oo·

88 3189 240 3253 gnitione
258 3195 377 3267 posssita
394 3213 520 3250 rerum=
557 3193 596 3248 sie
614 3193 767 3263 ampfahlen
785 3194 829 3248 ein
847 3193 972 3263 ruhigm,
991 3192 1038 3246 der
1055 3192 1243 3247 Besohaulioh·

88 3253 139 3312 leit
159 3265 334 3332 gewidmetes
351 3263 452 3327 Leben,
470 3264 520 3320 τὸν
538 3264 719 3339 θεωρητικὸν
739 3262 812 3335 βίον.

149 3345 301 3472 ῙμΒθιιιῆ
316 3347 368 3403 auf
381 3349 424 3403 die
441 3349 530 3418 Frage
547 3349 617 3404 nach
636 3347 696 3402 dam
720 3347 854 3429 hlichston
872 3347 930 3402 Gut
956 3346 1085 3402 stimmen
1111 3343 1155 3399 dic
1171 3345 1244 3400 Peri-

89 3413 215 3490 reputer
233 3420 264 3474 in
302 3435 330 3472 er
347 3417 526 3488 Hauptsache
542 3416 675 3498 iiberein..
698 3416 748 3472 Ber
776 3417 822 3471 der
839 3416 1053 3498 [intersuchung
1079 3413 1126 3494 des
1152 3413 1243 3483 gluelr-

91 3478 308 3610 epphnpap
323 3483 1245 3610 {detendunttrituret*...tltdttttelidit·

90 3563 187 3676 iliberri
204 3574 431 3705 heiliiigefiihrt,
459 3624 505 3678 der
524 3623 603 3679 darin
621 3574 689 3678 deni)
701 3623 840 3705 Schiclrsal
857 3643 892 3677 zu
908 3622 961 3676 viel
987 3569 1159 3691 eingerairmt
1184 3619 1242 3672 hat.

92 3681 202 3746 Deshalb
221 3712 298 3748 musa
315 3711 379 3747 man
397 3693 456 3747 arch
473 3692 619 3748 besonders
637 3712 672 3747 an
690 3693 849 3748 Arrstoteles
867 3691 977 3752 halten,
1005 3689 1071 3744 dari
1093 3689 1156 3744 aber
1174 3687 1245 3744 auch

92 3749 255 3828 Theophrast
272 3781 307 3816 zu
323 3761 415 3818 Rathe
432 3761 533 3816 richen.
568 3762 698 3884 Dagefien
716 3762 834 3817 weichen
852 3759 895 3814 die
912 3760 1028 3830 librigen
1041 3757 1245 3828 ·Peripatetiker

93 3821 147 3876 sehr
163 3846 216 3884 von
234 3830 363 3886 einander
381 3829 423 3884 ab.
454 3829 603 3902 'Derjenigo
667 3849 695 3884 er
712 3831 759 3886 der
776 3829 894 3886 Ansioht
912 3829 959 3884 dar
977 3828 1050 3884 alten
1066 3826 1245 3882 Academiker

93 3904 132 3944 am
149 3899 354 3969 sorgfa'ltigsten
372 3899 450 3968 lolgt,
468 3899 507 3954 ist
523 3899 685 3954 Antiochus.
722 3901 798 3970 (Cap.
817 3901 853 3966 5.)

155 3963 200 4021 12.
261 3966 400 4023 uiaduo
427 3985 553 4038 genera
579 3967 749 4022 librorum
775 3970 864 4023 sunt.
900 3965 1159 4022 Diesenintheilun
1198 3963 1244 4018 der

95 4027 248 4108 aristotelea
269 4055 302 4092 en
320 4035 458 4091 Schriften
476 4037 506 4090 in
525 4037 690 4092 exoterische
709 4036 865 4160 (aiffimii
882 4035 1091 4117 verstlindliohe)
1115 3983 1180 4116 pud
1190 4049 1244 4110 eso-

95 4094 201 4175 lensohe
218 4109 304 4171 (stren
342 4105 613 4173 wissenschaftliche).
626 4106 684 4167 hat,
703 4105 752 4160 wie
796 4105 878 4175 advrg
896 4103 1014 4167 bewent,
1032 4122 1082 4175 gar
1099 4102 1176 4182 nroht
1194 4118 1245 4154 exr-

95 4166 175 4225 strort.
210 4175 265 4230 cic.
285 4192 313 4230 so
334 4176 391 4230 eint
413 4175 476 4229 lrein
503 4175 682 4246 speculativos
699 4174 783 4228 Werh
812 4172 859 4228 des
875 4172 1037 4228 Aristoteles
1064 4191 1112 4226 aus
1140 4185 1245 4239 ergener

96 4228 198 4312 hesung
234 4243 336 4300 olrannt
353 4263 388 4299 zu
405 4243 502 4298 haben.
571 4242 733 4298 limatius
751 4243 836 4298 ‘mehr
853 4243 883 4296 in
901 4245 995 4311 streng
1012 4236 1245 4311 philosophisoher

96 4296 187 4364 Form’·
215 4263 258 4368 gSo
276 4313 351 4368 steht
368 4313 438 4395 auch
456 4313 552 4368 limare
569 4312 609 4368 ala
626 4331 678 4368 vox
696 4312 832 4368 sollemnis
849 4311 896 4366 fiir
913 4308 1131 4382 philosophisohe
1147 4306 1244 4361 Unter·
