3024 4938
464 327 527 380 us.
546 327 567 379 1.
604 325 669 380 cn.
687 327 814 380 ιιι-ιιι.
852 329 880 392 §s
899 329 992 380 9-12.
1212 403 1214 405 Ι
1285 329 1306 390 9

143 493 199 580 (ll)
211 495 277 558 Qui
287 481 400 560 autern
410 496 475 560 alia
486 497 614 559 malunt
625 495 724 560 scribi
735 520 753 560 a
763 497 870 576 nobis,
882 495 978 579 aequi
990 517 1060 560 esse
1072 498 1205 575 debent,
1218 498 1306 580 quod

143 606 178 662 et
194 598 319 682 scripta
334 599 441 662 multa
458 605 547 676 sunt,
565 599 612 662 sic
628 607 666 662 ut
681 600 776 683 plura
792 599 915 662 nemini
931 621 948 662 e
965 599 1098 677 nostris,
1111 605 1146 662 et
1162 601 1305 665 scriben-

140 709 197 764 tur
214 701 356 765 fortasse
372 702 478 784 plura,
506 701 533 764 si
553 701 623 764 vita
648 707 818 786 suppetet:
852 708 1022 765 ettamen
1047 701 1102 783 qui
1128 701 1306 784 diligenter

140 806 237 882 haee,
250 825 333 887 quae
349 804 390 868 de
407 803 618 887 philosophia
633 804 755 868 litteris
772 804 976 882 mandamus
988 805 1099 886 legere
1110 805 1304 882 assueverit,

141 905 305 969 indicabit
336 907 429 970 nulla
462 907 503 970 ad
534 907 713 990 legendum
750 907 802 970 his
833 928 904 971 esse
937 906 1077 989 potiora.
1134 905 1223 971 Quid
1256 912 1307 970 est

143 1006 289 1072 enimin
311 1008 381 1072 vita
411 1014 508 1072 tanto
533 1029 629 1092 opere
654 1009 887 1093 quaerendum,
922 1031 1019 1092 quam
1043 1030 1117 1072 oum
1141 1007 1250 1071 omnia
1272 1008 1306 1070 in

141 1110 368 1193 philosophia,
392 1118 465 1174 tum
487 1110 532 1189 id,
568 1113 655 1195 quod
678 1112 729 1174 his
751 1113 846 1177 libris
871 1112 1048 1195 quaeritur,
1074 1111 1129 1194 qui
1152 1109 1195 1172 sit
1217 1109 1305 1188 finis,

141 1211 223 1294 quid
247 1219 442 1291 extremum,
468 1212 547 1297 quid
569 1213 735 1293 ultimum,
762 1236 825 1297 quo
850 1213 917 1278 sint
935 1214 1044 1277 omnia
1065 1215 1149 1277 bene
1173 1211 1306 1276 vivendi

138 1320 299 1398 recteque
322 1315 467 1380 faciendi
490 1315 628 1380 consilia
643 1316 828 1395 referenda,
854 1316 933 1400 quid
956 1322 1113 1399 sequatur
1135 1322 1253 1380 natura
1267 1320 1308 1378 nt

140 1441 310 1482 summum
342 1440 383 1483 ex
414 1419 513 1482 rebus
552 1419 761 1503 expetendis,
801 1418 880 1502 quid
911 1417 1020 1502 fugiat
1051 1426 1089 1482 nt
1122 1428 1306 1483 extremum

139 1522 329 1584 malorum?
354 1521 429 1584 Qua
452 1521 493 1584 de
516 1541 550 1584 re
575 1541 649 1584 cum
673 1521 717 1584 sit
739 1521 827 1584 inter
854 1521 1065 1584 doctissimos
1089 1543 1217 1584 summa
1239 1519 1306 1583 dis-

140 1621 266 1700 sensio,
291 1621 364 1704 quis
388 1621 533 1686 alienum
558 1625 660 1706 'putet
693 1623 762 1687 eins
786 1645 857 1688 esse
882 1623 1068 1708 dignitatis,
1103 1646 1201 1708 quam
1224 1623 1307 1688 mihi

141 1725 283 1808 quisque
305 1724 443 1802 tribuat,
469 1724 548 1808 quid
570 1725 605 1788 in
630 1725 720 1788 omni
742 1743 875 1790 munere
898 1726 994 1814 vitae¹
1012 1727 1174 1810 optimum
1194 1734 1228 1791 et
1250 1748 1306 1790 ve-

139 1827 309 1893 rissimum
322 1829 377 1906 sit,
395 1829 586 1910 exquirere?
611 1825 669 1912 (12)
681 1831 746 1907 An,
757 1837 872 1914 partus
888 1831 1028 1894 ancillae
1045 1831 1130 1894 sitne
1146 1830 1180 1894 in
1196 1829 1307 1894 fructu

140 1931 328 2009 habendus,
359 1930 540 1995 disseretur
566 1931 653 1995 inter
675 1930 838 2015 principes
863 1931 1023 2012 civitatis,
1049 1935 1086 1996 P.
1113 1934 1306 1996 Scaevolam

140 2034 359 2115 Martiumque
382 2033 568 2111 Manilium,
593 2034 634 2097 ab
657 2033 761 2116 iisque
784 2036 833 2098 M.
857 2036 981 2098 Brutus
1005 2035 1191 2113 dissentiet,
1218 2034 1306 2117 quod

214 2254 261 2307 11.
298 2254 426 2308 nemini
448 2277 473 2300 ·-·-·
496 2254 613 2308 anullo.
636 2256 692 2309 Der
709 2254 853 2309 Gebreuch
871 2254 917 2310 des
935 2254 1033 2310 Dotivs
1054 2254 1125 2308 beim
1144 2252 1240 2308 Passiv
1257 2272 1306 2307 zur

142 2323 259 2392 Angabo
276 2321 323 2376 des
341 2323 468 2446 thitipen
486 2323 611 2392 Subjects
628 2323 666 2377 ist
684 2322 727 2377 bei
745 2323 800 2378 Cic.
819 2323 896 2378 nicht
913 2324 1008 2394 htufig
1025 2323 1082 2377 und
1105 2323 1161 2377 fast
1183 2340 1235 2376 nur
1259 2321 1312 2376 anf
1366 2339 1368 2344 ’

145 2391 194 2460 des
213 2391 345 2462 Partioip.
363 2391 437 2446 Per.
455 2392 532 2445 Pass.
550 2391 724 2447 besohrtinlrt.
761 2393 787 2446 S.
806 2392 890 2448 Helm
913 2411 962 2447 zur
984 2410 1022 2446 or.
1046 2393 1075 2446 in
1097 2391 1194 2446 Caecil.
1214 2395 1254 2455 12,
1273 2395 1307 2444 40

145 2459 204 2514 und
234 2460 267 2513 de
284 2459 350 2531 imp.
368 2460 463 2541 Pomp.
482 2464 524 2523 24,
543 2464 582 2514 71.
619 2461 720 2532 Zumpt
738 2464 751 2528 ς
770 2466 830 2514 419.
865 2462 920 2516 Zur
937 2461 1022 2516 Sache
1039 2461 1078 2516 ist
1096 2481 1129 2514 zu
1153 2460 1306 2523 bemerken,

145 2528 210 2583 dass
227 2529 284 2582 Cic.
303 2528 407 2583 damals
424 2528 559 2584 vielleioht
577 2529 661 2584 achon
679 2549 741 2586 vom
753 2534 839 2584 Varro
857 2531 942 2585 durch
960 2531 1019 2584 eine
1035 2535 1158 2600 grossere
1169 2529 1238 2584 Zahl
1254 2547 1308 2584 von

145 2597 286 2652 Schriften
303 2597 469 2652 iibertroffen
487 2597 587 2652 wurde.
622 2597 691 2652 Hier
708 2599 795 2653 meint
813 2618 843 2656 er
860 2599 904 2652 die
927 2599 1078 2662 Schriften,
1100 2598 1144 2653 die
1167 2617 1231 2652 man
1254 2616 1307 2652 von

145 2667 206 2720 ihm
224 2670 380 2730 erwartete,
405 2667 525 2720 namhoh
543 2666 587 2720 die
603 2667 707 2722 Reden.
776 2667 861 2733 Quid
883 2672 935 2722 est
959 2667 1048 2722 enim
1071 2671 1121 2721 ete.
1156 2667 1212 2721 cio.
1230 2666 1309 2721 leitet

142 2735 217 2816 jetzt
234 2753 283 2789 zur
295 2732 509 2805 Untersuohung
525 2735 595 2790 iiber
612 2735 661 2790 das
679 2735 793 2790 hochste
805 2737 863 2792 out
880 2736 937 2790 und
948 2735 1033 2791 Uobol
1049 2736 1124 2790 iiber.
1195 2735 1308 2789 omnia

145 2803 517 2928 ιιιιιιι
664 2805 785 2928 ιιι
925 2805 1104 2928 ιιι
1119 2803 1307 2926 ιιι

146 2940 249 2996 tismus
267 2944 299 3008 (s.
317 2891 400 3004 IVq2,
420 2944 464 3008 5),
491 2890 557 3011 quid
576 2912 640 3021 ahor
657 2943 724 2998 wird
741 2942 912 3012 gewiihnlich
931 2942 983 2996 mit
1009 2943 1070 2997 dem
1097 2891 1308 2995 Neutrumgndes

144 3011 288 3080 Adjectivs
306 3009 474 3064 verbunden:
493 3009 559 3079 quid
578 3014 615 3064 sit
632 3029 770 3065 summum
789 3014 816 3064 et
839 3014 988 3066 extremum
1008 3013 1041 3077 (o.
1060 3015 1085 3074 9,
1104 3015 1145 3065 29.
1164 3011 1190 3063 V
1208 3014 1232 3071 6,
1253 3012 1305 3076 15).

145 3079 185 3132 Es
203 3079 242 3132 ist
260 3078 344 3132 daher
368 3077 463 3133 Orellis
480 3079 646 3150 Aenderung
669 3080 698 3133 in
720 3080 769 3149 'qui
790 3079 901 3149 richtig.
970 3097 1033 3149 quo
1052 3079 1125 3133 sint
1143 3078 1256 3133 omnia
1275 3107 1307 3116 —

145 3147 329 3201 referenda
348 3147 405 3201 ‘das
423 3148 537 3203 hiichste
555 3147 665 3218 Princip
684 3149 756 3202 eines
773 3148 944 3218 gliioklichen
961 3148 1019 3202 und
1037 3147 1308 3208 sittlichenLebons',

146 3214 277 3284 thelsb.
297 3219 355 3278 107,
374 3221 399 3271 2.
468 3217 619 3272 alienum
636 3219 737 3287 putet
759 3233 831 3270 esse
853 3217 925 3270 eins
949 3215 1153 3284 dignitatis:
1190 3213 1307 3269 Acadl

149 3289 192 3346 11,
211 3289 243 3336 42
261 3285 353 3338 omnia
370 3303 439 3354 quas
456 3289 546 3340 essent
564 3284 651 3339 aliena
669 3286 762 3339 firmae
780 3287 808 3338 et
825 3283 978 3340 constantis
996 3283 1160 3337 assensionis
1179 3283 1309 3336 arirtute

148 3351 517 3486 ειρΖίιιιῒίιὺῳξθὶὦωοιθδιι.
535 3354 624 3410 Ueber
642 3353 685 3408 die
702 3352 880 3422 Verbindung
898 3371 952 3406 von
970 3351 1072 3407 alienus
1090 3351 1143 3406 mit
1161 3350 1222 3404 dem
1240 3349 1307 3404 Gen.

146 3441 169 3475 s.
211 3439 258 3476 nm
393 3462 399 3476 .

196 3440 275 3544 ’12.Ρ
289 3493 413 3560 partus
430 3489 578 3544 ancillae
597 3495 645 3546 etc.
669 3489 721 3544 Die
738 3490 826 3570 Frage
843 3506 906 3554 war,
925 3488 959 3544 ob
978 3489 1027 3543 das
1045 3487 1214 3559 neugeborne
1231 3487 1307 3542 Kind

146 3559 222 3613 siner
240 3558 349 3613 Sclavin
367 3559 428 3612 dem
445 3558 553 3629 gehdra
572 3559 619 3614 der
637 3558 679 3613 die
696 3559 903 3629 Nutantessung
929 3559 976 3613 dor
997 3557 1105 3613 Solavin
1127 3558 1220 3621 hatte,
1244 3557 1308 3611 oder

145 3627 210 3682 dem
227 3627 319 3682 Herm
337 3627 482 3682 derselben.
518 3627 626 3698 Ulpian.
650 3629 679 3681 in
701 3628 808 3698 Digest.
826 3627 883 3682 VII
902 3631 925 3692 1,
943 3631 977 3681 68
1000 3630 1078 3682 vetus
1097 3626 1151 3681 fuit
1174 3626 1307 3696 quaestio,

145 3715 183 3750 an
201 3699 299 3766 partus
317 3696 353 3750 ad
371 3697 552 3751 fructuarium
570 3696 723 3766 pertineret,
743 3696 790 3750 sed
802 3695 884 3750 Bruti
902 3696 1037 3751 sententia
1055 3693 1177 3750 obtinuit
1189 3695 1308 3750 fructua-

145 3765 221 3820 rium
238 3765 268 3819 in
286 3782 317 3818 oo
334 3766 423 3820 locum
449 3783 505 3819 non
528 3765 633 3820 habere.
703 3765 735 3820 P.
758 3765 893 3820 Mucius
919 3765 1096 3829 Scaevola,
1126 3765 1228 3820 Consul
1246 3765 1263 3819 i.
1280 3765 1307 3819 J.

146 3838 199 3888 133
218 3853 243 3888 v.
262 3833 335 3897 Chr,
354 3833 394 3888 als
411 3833 471 3888 Tib.
484 3834 623 3889 Gracchus
636 3832 816 3888 Volkstribuu
836 3853 897 3897 war,
916 3837 1007 3904 spiter
1024 3833 1147 3904 pontifex
1164 3833 1308 3897 maximus,

145 3902 280 3956 berdhmt
297 3919 389 3972 wegen
408 3901 494 3957 seiner
517 3902 756 3971 ausgozeichneten
774 3903 926 3957 Kenntniss
953 3902 1001 3956 des
1021 3903 1176 3958 romischeu
1198 3902 1309 3958 Rechts.

146 3970 213 4025 Scin
230 3971 306 4025 Sohn
324 3971 475 4038 QMuoius
494 3971 628 4035 Scaevola,
647 3971 774 4026 ebenfalls
792 3971 914 4042 pontifex
931 3970 1074 4034 maximus,
1092 3971 1195 4025 Consul
1203 3971 1220 4025 i.
1230 3972 1256 4025 J.
1266 3974 1308 4035 95,

145 4058 204 4094 war
222 4040 269 4094 der
280 4039 440 4110 Begriinder
457 4039 505 4094 der
522 4039 799 4096 wissenschaftlichen
810 4040 886 4094 duris
905 4041 1014 4096 rudent.
1067 4040 1114 4094 Μ’.
1133 4039 1308 4100 Manilius,

145 4108 258 4162 Freund
277 4109 323 4163 des
341 4108 436 4163 Ltlius
454 4109 510 4162 und
530 4109 629 4179 Scipio,
668 4109 778 4164 eriihmt
795 4109 834 4163 als
848 4059 1043 4164 Sodriltsteller
1060 4109 1111 4163 auf
1125 4108 1185 4162 dem
1197 4106 1308 4161 Gebiete

146 4177 196 4232 dor
212 4177 419 4248 Jurisprudenz.
454 4178 503 4232 Als
522 4177 625 4232 Consul
647 4128 693 4232 des
714 4177 810 4231 J.149
834 4178 925 4232 leitete
948 4195 975 4232 er
1002 4177 1045 4230 die
1062 4177 1111 4232 Bel
1148 4194 1234 4246 orung
1255 4195 1308 4231 von

146 4245 288 4318 Carthago
306 4265 341 4301 zu
362 4245 464 4300 hande.
482 4245 637 4301 Mommsen
662 4245 1057 4312 rom.(÷esoh.11(5)s.31.
1158 4245 1309 4299 .Innins

146 4315 297 4379 Brutus,
315 4313 497 4370 Volkstribnn
515 4315 553 4368 im
572 4315 599 4369 J.
617 4318 650 4368 83
668 4333 693 4368 v.
711 4315 789 4378 cha,
809 4315 855 4368 der
872 4315 958 4368 Vater
975 4315 1022 4369 des
1040 4313 1125 4368 durch
1144 4312 1242 4368 casare
1260 4315 1308 4370 Er-
