<?xml version="1.0" encoding="UTF-8"?>
<!DOCTYPE html PUBLIC "-//W3C//DTD XHTML 1.0 Transitional//EN"
    "http://www.w3.org/TR/xhtml1/DTD/xhtml1-transitional.dtd">
<html xmlns="http://www.w3.org/1999/xhtml" xml:lang="en" lang="en">
 <head>
  <title>
</title>
<meta http-equiv="Content-Type" content="text/html;charset=utf-8" />
  <meta name='ocr-system' content='tesseract 3.04.00' />
  <meta name='ocr-capabilities' content='ocr_page ocr_carea ocr_par ocr_line ocrx_word'/>
</head>
<body>
  <div class='ocr_page' id='page_1' title='image "./definibusbonoru00holsgoog_0036.png"; bbox 0 0 3024 4938; ppageno 0'>
   <div class='ocr_carea' id='block_1_1' title="bbox 268 277 1314 380">
    <p class='ocr_par' dir='ltr' id='par_1_1' title="bbox 268 277 1314 380">
     <span class='ocr_line' id='line_1_1' title="bbox 268 277 1314 380; baseline -0.008 -9"><span class='ocrx_word' id='word_1_1' title='bbox 268 319 307 380; x_wconf 82' lang='lat'><strong>12</strong></span> <span class='ocrx_word' id='word_1_2' title='bbox 504 316 554 372; x_wconf 80' lang='lat' dir='ltr'><strong>ne</strong></span> <span class='ocrx_word' id='word_1_3' title='bbox 573 313 723 369; x_wconf 73' lang='lat' dir='ltr'><strong>smnus</strong></span> <span class='ocrx_word' id='word_1_4' title='bbox 743 311 928 366; x_wconf 80' lang='lat' dir='ltr'><strong>nouorum</strong></span> <span class='ocrx_word' id='word_1_5' title='bbox 945 313 993 366; x_wconf 82' lang='lat' dir='ltr'><strong>nr</strong></span> <span class='ocrx_word' id='word_1_6' title='bbox 1011 309 1200 364; x_wconf 73' lang='lat' dir='ltr'><strong>uiuorum</strong></span> <span class='ocrx_word' id='word_1_7' title='bbox 1311 277 1314 282; x_wconf 70' lang='grc'>’</span> 
     </span>
    </p>
   </div>
   <div class='ocr_carea' id='block_1_2' title="bbox 238 479 1424 2422">
    <p class='ocr_par' dir='ltr' id='par_1_2' title="bbox 238 479 1424 2214">
     <span class='ocr_line' id='line_1_2' title="bbox 266 479 1422 569; baseline -0.007 -21"><span class='ocrx_word' id='word_1_8' title='bbox 266 486 443 569; x_wconf 69' lang='lat' dir='ltr'><strong>Torquate.</strong></span> <span class='ocrx_word' id='word_1_9' title='bbox 491 484 606 548; x_wconf 91' lang='lat' dir='ltr'><strong>Oratio</strong></span> <span class='ocrx_word' id='word_1_10' title='bbox 635 507 687 548; x_wconf 91' lang='lat' dir='ltr'><strong>me</strong></span> <span class='ocrx_word' id='word_1_11' title='bbox 719 483 815 546; x_wconf 86' lang='lat' dir='ltr'><strong>istius</strong></span> <span class='ocrx_word' id='word_1_12' title='bbox 844 481 1034 566; x_wconf 77' lang='lat' dir='ltr'><strong>philosophi</strong></span> <span class='ocrx_word' id='word_1_13' title='bbox 1051 489 1052 497; x_wconf 78' lang='grc'>’</span> <span class='ocrx_word' id='word_1_14' title='bbox 1068 502 1134 543; x_wconf 89' lang='lat' dir='ltr'><strong>non</strong></span> <span class='ocrx_word' id='word_1_15' title='bbox 1163 479 1318 554; x_wconf 85' lang='lat' dir='ltr'><strong>offendit;</strong></span> <span class='ocrx_word' id='word_1_16' title='bbox 1351 501 1422 541; x_wconf 88' lang='lat' dir='ltr'><strong>nam</strong></span> 
     </span>
     <span class='ocr_line' id='line_1_3' title="bbox 267 581 1423 671; baseline -0.009 -18"><span class='ocrx_word' id='word_1_17' title='bbox 267 595 302 654; x_wconf 91' lang='lat' dir='ltr'><strong>et</strong></span> <span class='ocrx_word' id='word_1_18' title='bbox 326 586 542 671; x_wconf 75' lang='lat' dir='ltr'><strong>complecitur</strong></span> <span class='ocrx_word' id='word_1_19' title='bbox 573 588 683 652; x_wconf 88' lang='lat' dir='ltr'><strong>verbis</strong></span> <span class='ocrx_word' id='word_1_20' title='bbox 712 587 800 671; x_wconf 90' lang='lat' dir='ltr'><strong>quod</strong></span> <span class='ocrx_word' id='word_1_21' title='bbox 827 587 902 650; x_wconf 88' lang='lat' dir='ltr'><strong>vult</strong></span> <span class='ocrx_word' id='word_1_22' title='bbox 930 591 964 648; x_wconf 91' lang='lat' dir='ltr'><strong>et</strong></span> <span class='ocrx_word' id='word_1_23' title='bbox 992 584 1073 648; x_wconf 88' lang='lat' dir='ltr'><strong>dicit</strong></span> <span class='ocrx_word' id='word_1_24' title='bbox 1096 585 1193 668; x_wconf 85' lang='lat' dir='ltr'><strong>plane</strong></span> <span class='ocrx_word' id='word_1_25' title='bbox 1217 581 1308 667; x_wconf 88' lang='lat' dir='ltr'><strong>quod</strong></span> <span class='ocrx_word' id='word_1_26' title='bbox 1329 581 1423 645; x_wconf 91' lang='lat' dir='ltr'><strong>intel·</strong></span> 
     </span>
     <span class='ocr_line' id='line_1_4' title="bbox 266 685 1423 775; baseline -0.009 -20"><span class='ocrx_word' id='word_1_27' title='bbox 266 693 392 775; x_wconf 84' lang='lat' dir='ltr'><strong>legam:</strong></span> <span class='ocrx_word' id='word_1_28' title='bbox 423 695 591 754; x_wconf 90' lang='lat' dir='ltr'><strong>ettamen</strong></span> <span class='ocrx_word' id='word_1_29' title='bbox 615 711 677 772; x_wconf 87' lang='lat' dir='ltr'><strong>ego</strong></span> <span class='ocrx_word' id='word_1_30' title='bbox 702 713 720 752; x_wconf 90' lang='lat' dir='ltr'><strong>a</strong></span> <span class='ocrx_word' id='word_1_31' title='bbox 747 689 962 773; x_wconf 84' lang='lat' dir='ltr'><strong>philosopho,</strong></span> <span class='ocrx_word' id='word_1_32' title='bbox 991 687 1018 750; x_wconf 90' lang='lat' dir='ltr'><strong>si</strong></span> <span class='ocrx_word' id='word_1_33' title='bbox 1047 687 1163 750; x_wconf 85' lang='lat' dir='ltr'><strong>afferat</strong></span> <span class='ocrx_word' id='word_1_34' title='bbox 1191 685 1423 769; x_wconf 87' lang='lat' dir='ltr'><strong>eloquentiam,</strong></span> 
     </span>
     <span class='ocr_line' id='line_1_5' title="bbox 267 790 1424 879; baseline -0.006 -21"><span class='ocrx_word' id='word_1_35' title='bbox 267 818 333 860; x_wconf 89' lang='lat' dir='ltr'><strong>non</strong></span> <span class='ocrx_word' id='word_1_36' title='bbox 366 816 536 879; x_wconf 77' lang='lat' dir='ltr'><strong>aspernor,</strong></span> <span class='ocrx_word' id='word_1_37' title='bbox 570 793 599 856; x_wconf 93' lang='lat' dir='ltr'><strong>si</strong></span> <span class='ocrx_word' id='word_1_38' title='bbox 630 815 697 857; x_wconf 92' lang='lat' dir='ltr'><strong>non</strong></span> <span class='ocrx_word' id='word_1_39' title='bbox 728 792 862 869; x_wconf 86' lang='lat' dir='ltr'><strong>habeat,</strong></span> <span class='ocrx_word' id='word_1_40' title='bbox 896 813 962 855; x_wconf 89' lang='lat' dir='ltr'><strong>non</strong></span> <span class='ocrx_word' id='word_1_41' title='bbox 990 790 1168 854; x_wconf 78' lang='lat' dir='ltr'><strong>admodum</strong></span> <span class='ocrx_word' id='word_1_42' title='bbox 1196 790 1359 874; x_wconf 85' lang='lat' dir='ltr'><strong>flagitem:</strong></span> <span class='ocrx_word' id='word_1_43' title='bbox 1391 809 1424 851; x_wconf 91' lang='lat' dir='ltr'><strong>re</strong></span> 
     </span>
     <span class='ocr_line' id='line_1_6' title="bbox 266 891 1423 983; baseline -0.006 -22"><span class='ocrx_word' id='word_1_44' title='bbox 266 899 348 962; x_wconf 90' lang='lat' dir='ltr'><strong>mihi</strong></span> <span class='ocrx_word' id='word_1_45' title='bbox 370 921 436 983; x_wconf 87' lang='lat' dir='ltr'><strong>non</strong></span> <span class='ocrx_word' id='word_1_46' title='bbox 459 918 561 980; x_wconf 89' lang='lat' dir='ltr'><strong>aeque</strong></span> <span class='ocrx_word' id='word_1_47' title='bbox 591 895 790 973; x_wconf 83' lang='lat' dir='ltr'><strong>satisfacit,</strong></span> <span class='ocrx_word' id='word_1_48' title='bbox 822 901 855 958; x_wconf 94' lang='lat' dir='ltr'><strong>et</strong></span> <span class='ocrx_word' id='word_1_49' title='bbox 883 894 1016 978; x_wconf 89' lang='lat' dir='ltr'><strong>quidem</strong></span> <span class='ocrx_word' id='word_1_50' title='bbox 1043 895 1125 958; x_wconf 88' lang='lat' dir='ltr'><strong>locis</strong></span> <span class='ocrx_word' id='word_1_51' title='bbox 1152 894 1317 978; x_wconf 80' lang='lat' dir='ltr'><strong>pluribus,</strong></span> <span class='ocrx_word' id='word_1_52' title='bbox 1363 891 1423 956; x_wconf 87' lang='lat' dir='ltr'><strong>Sed</strong></span> 
     </span>
     <span class='ocr_line' id='line_1_7' title="bbox 267 997 1422 1085; baseline -0.005 -21"><span class='ocrx_word' id='word_1_53' title='bbox 267 1007 348 1085; x_wconf 90' lang='lat' dir='ltr'><strong>quot</strong></span> <span class='ocrx_word' id='word_1_54' title='bbox 370 999 532 1078; x_wconf 90' lang='lat' dir='ltr'><strong>homines,</strong></span> <span class='ocrx_word' id='word_1_55' title='bbox 556 1004 611 1062; x_wconf 91' lang='lat' dir='ltr'><strong>tot</strong></span> <span class='ocrx_word' id='word_1_56' title='bbox 634 997 836 1070; x_wconf 84' lang='lat' dir='ltr'><strong>sententiae3</strong></span> <span class='ocrx_word' id='word_1_57' title='bbox 862 997 935 1061; x_wconf 81' lang='lat' dir='ltr'><strong>falli</strong></span> <span class='ocrx_word' id='word_1_58' title='bbox 958 997 1062 1081; x_wconf 86' lang='lat' dir='ltr'><strong>igitur</strong></span> <span class='ocrx_word' id='word_1_59' title='bbox 1084 1020 1273 1082; x_wconf 85' lang='lat' dir='ltr'><strong>possumus.</strong></span> <span class='ocrx_word' id='word_1_60' title='bbox 1320 997 1422 1060; x_wconf 73' lang='lat' dir='ltr'><strong>Quam</strong></span> 
     </span>
     <span class='ocr_line' id='line_1_8' title="bbox 269 1085 1421 1184; baseline -0.003 -16"><span class='ocrx_word' id='word_1_61' title='bbox 269 1106 309 1168; x_wconf 93' lang='lat' dir='ltr'><strong>ob</strong></span> <span class='ocrx_word' id='word_1_62' title='bbox 334 1126 404 1168; x_wconf 90' lang='lat' dir='ltr'><strong>rem</strong></span> <span class='ocrx_word' id='word_1_63' title='bbox 432 1102 582 1180; x_wconf 90' lang='lat' dir='ltr'><strong>taudem,</strong></span> <span class='ocrx_word' id='word_1_64' title='bbox 608 1101 732 1184; x_wconf 89' lang='lat' dir='ltr'><strong>inquit,</strong></span> <span class='ocrx_word' id='word_1_65' title='bbox 761 1124 828 1164; x_wconf 91' lang='lat' dir='ltr'><strong>non</strong></span> <span class='ocrx_word' id='word_1_66' title='bbox 856 1099 937 1164; x_wconf 88' lang='lat' dir='ltr'><strong>satis</strong></span> <span class='ocrx_word' id='word_1_67' title='bbox 966 1100 1068 1168; x_wconf 86' lang='lat' dir='ltr'><strong>facit?</strong></span> <span class='ocrx_word' id='word_1_68' title='bbox 1110 1105 1143 1164; x_wconf 86' lang='lat' dir='ltr'><strong>te</strong></span> <span class='ocrx_word' id='word_1_69' title='bbox 1172 1101 1259 1165; x_wconf 91' lang='lat' dir='ltr'><strong>enim</strong></span> <span class='ocrx_word' id='word_1_70' title='bbox 1287 1085 1421 1166; x_wconf 89' lang='lat' dir='ltr'><strong>iudicem</strong></span> 
     </span>
     <span class='ocr_line' id='line_1_9' title="bbox 267 1201 1422 1292; baseline -0.004 -21"><span class='ocrx_word' id='word_1_71' title='bbox 267 1228 408 1292; x_wconf 90' lang='lat' dir='ltr'><strong>aequum</strong></span> <span class='ocrx_word' id='word_1_72' title='bbox 424 1211 516 1288; x_wconf 87' lang='lat' dir='ltr'><strong>puto,</strong></span> <span class='ocrx_word' id='word_1_73' title='bbox 534 1204 633 1267; x_wconf 93' lang='lat' dir='ltr'><strong>modo</strong></span> <span class='ocrx_word' id='word_1_74' title='bbox 650 1225 732 1287; x_wconf 86' lang='lat' dir='ltr'><strong>quae</strong></span> <span class='ocrx_word' id='word_1_75' title='bbox 750 1203 840 1267; x_wconf 89' lang='lat' dir='ltr'><strong>dicat</strong></span> <span class='ocrx_word' id='word_1_76' title='bbox 855 1203 912 1266; x_wconf 91' lang='lat' dir='ltr'><strong>ille</strong></span> <span class='ocrx_word' id='word_1_77' title='bbox 928 1204 1013 1268; x_wconf 88' lang='lat' dir='ltr'><strong>bene</strong></span> <span class='ocrx_word' id='word_1_78' title='bbox 1028 1203 1129 1267; x_wconf 91' lang='lat' dir='ltr'><strong>noris.</strong></span> <span class='ocrx_word' id='word_1_79' title='bbox 1177 1201 1235 1288; x_wconf 78' lang='lat' dir='ltr'><strong>(ld)</strong></span> <span class='ocrx_word' id='word_1_80' title='bbox 1256 1205 1334 1268; x_wconf 87' lang='lat' dir='ltr'><strong>Nisi</strong></span> <span class='ocrx_word' id='word_1_81' title='bbox 1348 1204 1422 1268; x_wconf 89' lang='lat' dir='ltr'><strong>mihi</strong></span> 
     </span>
     <span class='ocr_line' id='line_1_10' title="bbox 266 1306 1421 1392; baseline -0.005 -18"><span class='ocrx_word' id='word_1_82' title='bbox 266 1308 470 1384; x_wconf 85' lang='lat' dir='ltr'><strong>Phaedrum,</strong></span> <span class='ocrx_word' id='word_1_83' title='bbox 497 1306 646 1389; x_wconf 88' lang='lat' dir='ltr'><strong>inquam,</strong></span> <span class='ocrx_word' id='word_1_84' title='bbox 676 1306 854 1370; x_wconf 89' lang='lat' dir='ltr'><strong>mentitum</strong></span> <span class='ocrx_word' id='word_1_85' title='bbox 882 1310 940 1368; x_wconf 84' lang='lat' dir='ltr'><strong>aut</strong></span> <span class='ocrx_word' id='word_1_86' title='bbox 962 1306 1127 1369; x_wconf 84' lang='lat' dir='ltr'><strong>Zenonem</strong></span> <span class='ocrx_word' id='word_1_87' title='bbox 1150 1313 1260 1391; x_wconf 84' lang='lat' dir='ltr'><strong>putas,</strong></span> <span class='ocrx_word' id='word_1_88' title='bbox 1291 1330 1421 1392; x_wconf 87' lang='lat' dir='ltr'><strong>quorum</strong></span> 
     </span>
     <span class='ocr_line' id='line_1_11' title="bbox 267 1408 1421 1494; baseline -0.003 -20"><span class='ocrx_word' id='word_1_89' title='bbox 267 1421 444 1494; x_wconf 85' lang='lat' dir='ltr'><strong>utrumque</strong></span> <span class='ocrx_word' id='word_1_90' title='bbox 468 1409 594 1487; x_wconf 89' lang='lat' dir='ltr'><strong>audivi,</strong></span> <span class='ocrx_word' id='word_1_91' title='bbox 625 1430 700 1471; x_wconf 92' lang='lat' dir='ltr'><strong>oum</strong></span> <span class='ocrx_word' id='word_1_92' title='bbox 729 1408 810 1472; x_wconf 93' lang='lat' dir='ltr'><strong>mihi</strong></span> <span class='ocrx_word' id='word_1_93' title='bbox 837 1408 921 1471; x_wconf 87' lang='lat' dir='ltr'><strong>nihil</strong></span> <span class='ocrx_word' id='word_1_94' title='bbox 950 1431 1028 1472; x_wconf 88' lang='lat' dir='ltr'><strong>sane</strong></span> <span class='ocrx_word' id='word_1_95' title='bbox 1056 1415 1194 1492; x_wconf 86' lang='lat' dir='ltr'><strong>praeter</strong></span> <span class='ocrx_word' id='word_1_96' title='bbox 1214 1410 1421 1474; x_wconf 73' lang='lat' dir='ltr'><strong>sedulitatem</strong></span> 
     </span>
     <span class='ocr_line' id='line_1_12' title="bbox 267 1509 1420 1597; baseline -0.003 -20"><span class='ocrx_word' id='word_1_97' title='bbox 267 1514 460 1597; x_wconf 86' lang='lat' dir='ltr'><strong>probarent,</strong></span> <span class='ocrx_word' id='word_1_98' title='bbox 491 1532 604 1574; x_wconf 89' lang='lat' dir='ltr'><strong>omnes</strong></span> <span class='ocrx_word' id='word_1_99' title='bbox 633 1509 716 1573; x_wconf 90' lang='lat' dir='ltr'><strong>mihi</strong></span> <span class='ocrx_word' id='word_1_100' title='bbox 738 1510 873 1594; x_wconf 86' lang='lat' dir='ltr'><strong>Epicuri</strong></span> <span class='ocrx_word' id='word_1_101' title='bbox 901 1511 1087 1575; x_wconf 87' lang='lat' dir='ltr'><strong>sententiae</strong></span> <span class='ocrx_word' id='word_1_102' title='bbox 1111 1512 1191 1574; x_wconf 84' lang='lat' dir='ltr'><strong>satis</strong></span> <span class='ocrx_word' id='word_1_103' title='bbox 1214 1519 1315 1576; x_wconf 88' lang='lat' dir='ltr'><strong>notae</strong></span> <span class='ocrx_word' id='word_1_104' title='bbox 1338 1519 1420 1588; x_wconf 88' lang='lat' dir='ltr'><strong>sunt,</strong></span> 
     </span>
     <span class='ocr_line' id='line_1_13' title="bbox 268 1613 1423 1700; baseline -0.003 -21"><span class='ocrx_word' id='word_1_105' title='bbox 268 1622 367 1698; x_wconf 85' lang='lat' dir='ltr'><strong>atque</strong></span> <span class='ocrx_word' id='word_1_106' title='bbox 400 1635 471 1693; x_wconf 87' lang='lat' dir='ltr'><strong>cos,</strong></span> <span class='ocrx_word' id='word_1_107' title='bbox 506 1635 587 1698; x_wconf 87' lang='lat' dir='ltr'><strong>quos</strong></span> <span class='ocrx_word' id='word_1_108' title='bbox 620 1613 801 1693; x_wconf 89' lang='lat' dir='ltr'><strong>nominavi,</strong></span> <span class='ocrx_word' id='word_1_109' title='bbox 836 1636 910 1678; x_wconf 90' lang='lat' dir='ltr'><strong>oum</strong></span> <span class='ocrx_word' id='word_1_110' title='bbox 943 1614 1059 1677; x_wconf 88' lang='lat' dir='ltr'><strong>Attico</strong></span> <span class='ocrx_word' id='word_1_111' title='bbox 1092 1623 1206 1678; x_wconf 89' lang='lat' dir='ltr'><strong>nostro</strong></span> <span class='ocrx_word' id='word_1_112' title='bbox 1238 1615 1423 1700; x_wconf 84' lang='lat' dir='ltr'><strong>frequenter</strong></span> 
     </span>
     <span class='ocr_line' id='line_1_14' title="bbox 268 1715 1422 1800; baseline -0.003 -18"><span class='ocrx_word' id='word_1_113' title='bbox 268 1717 394 1795; x_wconf 90' lang='lat' dir='ltr'><strong>audivi,</strong></span> <span class='ocrx_word' id='word_1_114' title='bbox 430 1739 503 1780; x_wconf 91' lang='lat' dir='ltr'><strong>oum</strong></span> <span class='ocrx_word' id='word_1_115' title='bbox 541 1715 715 1779; x_wconf 87' lang='lat' dir='ltr'><strong>miraretur</strong></span> <span class='ocrx_word' id='word_1_116' title='bbox 751 1715 808 1780; x_wconf 91' lang='lat' dir='ltr'><strong>ille</strong></span> <span class='ocrx_word' id='word_1_117' title='bbox 846 1716 979 1800; x_wconf 84' lang='lat' dir='ltr'><strong>quidem</strong></span> <span class='ocrx_word' id='word_1_118' title='bbox 1011 1723 1203 1800; x_wconf 89' lang='lat' dir='ltr'><strong>utrumque,</strong></span> <span class='ocrx_word' id='word_1_119' title='bbox 1241 1717 1422 1783; x_wconf 86' lang='lat' dir='ltr'><strong>Phaedrum</strong></span> 
     </span>
     <span class='ocr_line' id='line_1_15' title="bbox 238 1817 1421 1903; baseline -0.005 -16"><span class='ocrx_word' id='word_1_120' title='bbox 238 1879 240 1887; x_wconf 82' lang='grc'>,</span> <span class='ocrx_word' id='word_1_121' title='bbox 269 1826 381 1884; x_wconf 87' lang='lat' dir='ltr'><strong>autem</strong></span> <span class='ocrx_word' id='word_1_122' title='bbox 405 1819 505 1884; x_wconf 85' lang='lat' dir='ltr'><strong>etiam</strong></span> <span class='ocrx_word' id='word_1_123' title='bbox 529 1824 665 1895; x_wconf 87' lang='lat' dir='ltr'><strong>amaret,</strong></span> <span class='ocrx_word' id='word_1_124' title='bbox 691 1817 878 1902; x_wconf 83' lang='lat' dir='ltr'><strong>cotidieque</strong></span> <span class='ocrx_word' id='word_1_125' title='bbox 901 1819 1069 1883; x_wconf 87' lang='lat' dir='ltr'><strong>internos</strong></span> <span class='ocrx_word' id='word_1_126' title='bbox 1093 1841 1141 1898; x_wconf 88' lang='lat' dir='ltr'><strong>ea,</strong></span> <span class='ocrx_word' id='word_1_127' title='bbox 1168 1843 1250 1903; x_wconf 88' lang='lat' dir='ltr'><strong>quae</strong></span> <span class='ocrx_word' id='word_1_128' title='bbox 1276 1821 1421 1885; x_wconf 90' lang='lat' dir='ltr'><strong>audieba-</strong></span> 
     </span>
     <span class='ocr_line' id='line_1_16' title="bbox 268 1921 1422 2005; baseline -0.001 -21"><span class='ocrx_word' id='word_1_129' title='bbox 268 1944 352 2000; x_wconf 90' lang='lat' dir='ltr'><strong>mus,</strong></span> <span class='ocrx_word' id='word_1_130' title='bbox 383 1921 650 1994; x_wconf 82' lang='lat' dir='ltr'><strong>conferebamus,</strong></span> <span class='ocrx_word' id='word_1_131' title='bbox 680 1941 786 2003; x_wconf 87' lang='lat' dir='ltr'><strong>neque</strong></span> <span class='ocrx_word' id='word_1_132' title='bbox 815 1929 885 1984; x_wconf 87' lang='lat' dir='ltr'><strong>erat</strong></span> <span class='ocrx_word' id='word_1_133' title='bbox 912 1944 1056 2005; x_wconf 89' lang='lat' dir='ltr'><strong>unquam</strong></span> <span class='ocrx_word' id='word_1_134' title='bbox 1086 1923 1327 2003; x_wconf 87' lang='lat' dir='ltr'><strong>controversia,</strong></span> <span class='ocrx_word' id='word_1_135' title='bbox 1352 1921 1422 2005; x_wconf 87' lang='lat' dir='ltr'><strong>quid</strong></span> 
     </span>
     <span class='ocr_line' id='line_1_17' title="bbox 269 2023 1424 2111; baseline -0.005 -21"><span class='ocrx_word' id='word_1_136' title='bbox 269 2049 332 2111; x_wconf 85' lang='lat' dir='ltr'><strong>ego</strong></span> <span class='ocrx_word' id='word_1_137' title='bbox 355 2027 598 2108; x_wconf 86' lang='lat' dir='ltr'><strong>intellegerem,</strong></span> <span class='ocrx_word' id='word_1_138' title='bbox 623 2024 682 2088; x_wconf 91' lang='lat' dir='ltr'><strong>sed</strong></span> <span class='ocrx_word' id='word_1_139' title='bbox 706 2023 784 2106; x_wconf 87' lang='lat' dir='ltr'><strong>quid</strong></span> <span class='ocrx_word' id='word_1_140' title='bbox 808 2024 994 2107; x_wconf 88' lang='lat' dir='ltr'><strong>probarem.</strong></span> <span class='ocrx_word' id='word_1_141' title='bbox 1044 2025 1107 2088; x_wconf 87' lang='lat' dir='ltr'><strong>VI.</strong></span> <span class='ocrx_word' id='word_1_142' title='bbox 1133 2023 1190 2108; x_wconf 85' lang='grc'><strong>(17)</strong></span> <span class='ocrx_word' id='word_1_143' title='bbox 1214 2026 1306 2090; x_wconf 77' lang='lat' dir='ltr'><strong>Quid</strong></span> <span class='ocrx_word' id='word_1_144' title='bbox 1328 2025 1424 2108; x_wconf 81' lang='lat' dir='ltr'><strong>igitur</strong></span> 
     </span>
     <span class='ocr_line' id='line_1_18' title="bbox 270 2127 1214 2214; baseline -0.003 -19"><span class='ocrx_word' id='word_1_145' title='bbox 270 2134 341 2196; x_wconf 85' lang='lat' dir='ltr'><strong>est?</strong></span> <span class='ocrx_word' id='word_1_146' title='bbox 364 2129 483 2214; x_wconf 89' lang='lat' dir='ltr'><strong>inquit,</strong></span> <span class='ocrx_word' id='word_1_147' title='bbox 511 2128 623 2192; x_wconf 90' lang='lat' dir='ltr'><strong>audire</strong></span> <span class='ocrx_word' id='word_1_148' title='bbox 648 2127 735 2192; x_wconf 90' lang='lat' dir='ltr'><strong>enim</strong></span> <span class='ocrx_word' id='word_1_149' title='bbox 760 2127 866 2211; x_wconf 83' lang='lat' dir='ltr'><strong>cupio,</strong></span> <span class='ocrx_word' id='word_1_150' title='bbox 882 2127 971 2212; x_wconf 84' lang='lat' dir='ltr'><strong>‘quid</strong></span> <span class='ocrx_word' id='word_1_151' title='bbox 993 2151 1060 2192; x_wconf 89' lang='lat' dir='ltr'><strong>non</strong></span> <span class='ocrx_word' id='word_1_152' title='bbox 1083 2129 1214 2213; x_wconf 87' lang='lat' dir='ltr'><strong>probes.</strong></span> 
     </span>
    </p>

    <p class='ocr_par' dir='ltr' id='par_1_3' title="bbox 268 2229 1421 2422">
     <span class='ocr_line' id='line_1_19' title="bbox 354 2229 1420 2317; baseline -0.009 -18"><span class='ocrx_word' id='word_1_153' title='bbox 354 2232 532 2317; x_wconf 90' lang='lat' dir='ltr'><strong>Principio,</strong></span> <span class='ocrx_word' id='word_1_154' title='bbox 556 2231 701 2315; x_wconf 90' lang='lat' dir='ltr'><strong>inquam,</strong></span> <span class='ocrx_word' id='word_1_155' title='bbox 726 2232 760 2295; x_wconf 91' lang='lat' dir='ltr'><strong>in</strong></span> <span class='ocrx_word' id='word_1_156' title='bbox 776 2229 934 2314; x_wconf 88' lang='lat' dir='ltr'><strong>physicis,</strong></span> <span class='ocrx_word' id='word_1_157' title='bbox 961 2230 1078 2314; x_wconf 88' lang='lat' dir='ltr'><strong>quibus</strong></span> <span class='ocrx_word' id='word_1_158' title='bbox 1100 2232 1239 2295; x_wconf 78' lang='lat' dir='ltr'><strong>maxime</strong></span> <span class='ocrx_word' id='word_1_159' title='bbox 1255 2229 1420 2314; x_wconf 87' lang='lat' dir='ltr'><strong>gloriatur,</strong></span> 
     </span>
     <span class='ocr_line' id='line_1_20' title="bbox 268 2333 1421 2422; baseline -0.009 -21"><span class='ocrx_word' id='word_1_160' title='bbox 268 2338 410 2422; x_wconf 90' lang='lat' dir='ltr'><strong>primum</strong></span> <span class='ocrx_word' id='word_1_161' title='bbox 432 2343 525 2401; x_wconf 90' lang='lat' dir='ltr'><strong>totus</strong></span> <span class='ocrx_word' id='word_1_162' title='bbox 550 2342 602 2398; x_wconf 90' lang='lat' dir='ltr'><strong>est</strong></span> <span class='ocrx_word' id='word_1_163' title='bbox 625 2334 763 2398; x_wconf 87' lang='lat' dir='ltr'><strong>alienus.</strong></span> <span class='ocrx_word' id='word_1_164' title='bbox 810 2333 1022 2398; x_wconf 88' lang='lat' dir='ltr'><strong>Democritea</strong></span> <span class='ocrx_word' id='word_1_165' title='bbox 1050 2334 1147 2412; x_wconf 89' lang='lat' dir='ltr'><strong>dicit,</strong></span> <span class='ocrx_word' id='word_1_166' title='bbox 1173 2356 1336 2418; x_wconf 82' lang='lat' dir='ltr'><strong>perpauca</strong></span> <span class='ocrx_word' id='word_1_167' title='bbox 1357 2353 1421 2394; x_wconf 90' lang='lat' dir='ltr'><strong>mu-</strong></span> 
     </span>
    </p>
   </div>
   <div class='ocr_carea' id='block_1_3' title="bbox 246 2520 1445 3828">
    <p class='ocr_par' dir='ltr' id='par_1_4' title="bbox 246 2520 1445 3828">
     <span class='ocr_line' id='line_1_21' title="bbox 338 2520 1422 2602; baseline -0.003 -28"><span class='ocrx_word' id='word_1_168' title='bbox 338 2521 388 2576; x_wconf 80' lang='grc'><strong>15.</strong></span> <span class='ocrx_word' id='word_1_169' title='bbox 413 2525 526 2575; x_wconf 90' lang='lat' dir='ltr'><strong>tamen</strong></span> <span class='ocrx_word' id='word_1_170' title='bbox 544 2538 604 2590; x_wconf 84' lang='lat' dir='ltr'><strong>ego</strong></span> <span class='ocrx_word' id='word_1_171' title='bbox 623 2539 640 2574; x_wconf 90' lang='lat' dir='ltr'><strong>a</strong></span> <span class='ocrx_word' id='word_1_172' title='bbox 657 2520 879 2602; x_wconf 76' lang='lat' dir='ltr'><strong>philosopho,</strong></span> <span class='ocrx_word' id='word_1_173' title='bbox 898 2521 929 2574; x_wconf 91' lang='lat' dir='ltr'><strong>si</strong></span> <span class='ocrx_word' id='word_1_174' title='bbox 947 2522 1079 2576; x_wconf 86' lang='lat' dir='ltr'><strong>afferat</strong></span> <span class='ocrx_word' id='word_1_175' title='bbox 1097 2522 1345 2592; x_wconf 84' lang='lat' dir='ltr'><strong>eloquentiam,</strong></span> <span class='ocrx_word' id='word_1_176' title='bbox 1363 2535 1422 2600; x_wconf 73' lang='lat' dir='ltr'><strong>non</strong></span> 
     </span>
     <span class='ocr_line' id='line_1_22' title="bbox 246 2588 1445 2728; baseline 0.003 -15"><span class='ocrx_word' id='word_1_177' title='bbox 246 2610 305 2714; x_wconf 65' lang='lat' dir='ltr'><strong>t?</strong></span> <span class='ocrx_word' id='word_1_178' title='bbox 311 2589 603 2721; x_wconf 47' lang='grc'><strong>1111111111,</strong></span> <span class='ocrx_word' id='word_1_179' title='bbox 617 2588 1445 2728; x_wconf 46' lang='grc' dir='ltr'><strong>111119111111111111111111θὲ111ἲέ,</strong></span> 
     </span>
     <span class='ocr_line' id='line_1_23' title="bbox 269 2724 1423 2798; baseline -0.005 -16"><span class='ocrx_word' id='word_1_180' title='bbox 269 2728 356 2790; x_wconf 74' lang='lat' dir='ltr'><strong>liihrt,</strong></span> <span class='ocrx_word' id='word_1_181' title='bbox 374 2727 501 2781; x_wconf 74' lang='lat' dir='ltr'><strong>wdhrond</strong></span> <span class='ocrx_word' id='word_1_182' title='bbox 519 2744 547 2780; x_wconf 88' lang='lat' dir='ltr'><strong>er</strong></span> <span class='ocrx_word' id='word_1_183' title='bbox 565 2724 627 2780; x_wconf 87' lang='lat' dir='ltr'><strong>dem</strong></span> <span class='ocrx_word' id='word_1_184' title='bbox 645 2727 724 2780; x_wconf 85' lang='lat' dir='ltr'><strong>Satze</strong></span> <span class='ocrx_word' id='word_1_185' title='bbox 742 2744 797 2780; x_wconf 89' lang='lat' dir='ltr'><strong>non</strong></span> <span class='ocrx_word' id='word_1_186' title='bbox 815 2725 965 2782; x_wconf 86' lang='lat' dir='ltr'><strong>admodum</strong></span> <span class='ocrx_word' id='word_1_187' title='bbox 982 2728 1105 2797; x_wconf 84' lang='lat' dir='ltr'><strong>flagitem</strong></span> <span class='ocrx_word' id='word_1_188' title='bbox 1122 2728 1226 2798; x_wconf 84' lang='lat' dir='ltr'><strong>logisch</strong></span> <span class='ocrx_word' id='word_1_189' title='bbox 1244 2724 1423 2782; x_wconf 87' lang='lat' dir='ltr'><strong>subordiniert</strong></span> 
     </span>
     <span class='ocr_line' id='line_1_24' title="bbox 270 2791 1422 2864; baseline -0.005 -14"><span class='ocrx_word' id='word_1_190' title='bbox 270 2798 307 2851; x_wconf 88' lang='lat' dir='ltr'><strong>ist</strong></span> <span class='ocrx_word' id='word_1_191' title='bbox 326 2799 425 2862; x_wconf 81' lang='lat' dir='ltr'><strong>(‘wenn</strong></span> <span class='ocrx_word' id='word_1_192' title='bbox 442 2795 487 2849; x_wconf 89' lang='lat' dir='ltr'><strong>ioh</strong></span> <span class='ocrx_word' id='word_1_193' title='bbox 505 2795 543 2848; x_wconf 91' lang='lat' dir='ltr'><strong>sie</strong></span> <span class='ocrx_word' id='word_1_194' title='bbox 561 2813 615 2848; x_wconf 87' lang='lat' dir='ltr'><strong>von</strong></span> <span class='ocrx_word' id='word_1_195' title='bbox 632 2794 690 2848; x_wconf 88' lang='lat' dir='ltr'><strong>ihm</strong></span> <span class='ocrx_word' id='word_1_196' title='bbox 709 2795 779 2848; x_wconf 84' lang='lat' dir='ltr'><strong>auch</strong></span> <span class='ocrx_word' id='word_1_197' title='bbox 798 2795 875 2849; x_wconf 91' lang='lat' dir='ltr'><strong>nicht</strong></span> <span class='ocrx_word' id='word_1_198' title='bbox 893 2795 1102 2864; x_wconf 83' lang='lat' dir='ltr'><strong>zuriiclrweisc’).</strong></span> <span class='ocrx_word' id='word_1_199' title='bbox 1126 2798 1229 2851; x_wconf 81' lang='lat' dir='ltr'><strong>Tamen</strong></span> <span class='ocrx_word' id='word_1_200' title='bbox 1247 2795 1353 2851; x_wconf 83' lang='lat' dir='ltr'><strong>bezieht</strong></span> <span class='ocrx_word' id='word_1_201' title='bbox 1370 2791 1422 2847; x_wconf 88' lang='lat' dir='ltr'><strong>sich</strong></span> 
     </span>
     <span class='ocr_line' id='line_1_25' title="bbox 270 2862 1422 2944; baseline -0.005 -25"><span class='ocrx_word' id='word_1_202' title='bbox 270 2864 320 2919; x_wconf 85' lang='lat' dir='ltr'><strong>auf</strong></span> <span class='ocrx_word' id='word_1_203' title='bbox 329 2882 383 2919; x_wconf 90' lang='lat' dir='ltr'><strong>non</strong></span> <span class='ocrx_word' id='word_1_204' title='bbox 395 2862 543 2918; x_wconf 88' lang='lat' dir='ltr'><strong>admodum</strong></span> <span class='ocrx_word' id='word_1_205' title='bbox 554 2863 685 2944; x_wconf 75' lang='lat' dir='ltr'><strong>flagitem.</strong></span> <span class='ocrx_word' id='word_1_206' title='bbox 754 2863 840 2918; x_wconf 90' lang='lat' dir='ltr'><strong>locis</strong></span> <span class='ocrx_word' id='word_1_207' title='bbox 858 2864 1020 2934; x_wconf 88' lang='lat' dir='ltr'><strong>pluribus</strong></span> <span class='ocrx_word' id='word_1_208' title='bbox 1039 2866 1076 2920; x_wconf 92' lang='lat' dir='ltr'><strong>‘in</strong></span> <span class='ocrx_word' id='word_1_209' title='bbox 1093 2865 1268 2920; x_wconf 82' lang='lat' dir='ltr'><strong>mehrfachen</strong></span> <span class='ocrx_word' id='word_1_210' title='bbox 1282 2863 1422 2919; x_wconf 83' lang='lat' dir='ltr'><strong>Bcaiehun·</strong></span> 
     </span>
     <span class='ocr_line' id='line_1_26' title="bbox 269 2929 1422 3004; baseline -0.003 -17"><span class='ocrx_word' id='word_1_211' title='bbox 269 2935 338 3004; x_wconf 83' lang='lat' dir='ltr'><strong>gen’.</strong></span> <span class='ocrx_word' id='word_1_212' title='bbox 408 2936 493 3001; x_wconf 89' lang='lat' dir='ltr'><strong>quot</strong></span> <span class='ocrx_word' id='word_1_213' title='bbox 511 2932 673 2987; x_wconf 81' lang='lat' dir='ltr'><strong>homines</strong></span> <span class='ocrx_word' id='word_1_214' title='bbox 692 2935 741 2985; x_wconf 88' lang='lat' dir='ltr'><strong>eto.</strong></span> <span class='ocrx_word' id='word_1_215' title='bbox 769 2951 819 2987; x_wconf 87' lang='lat' dir='ltr'><strong>aus</strong></span> <span class='ocrx_word' id='word_1_216' title='bbox 837 2933 945 2988; x_wconf 80' lang='lat' dir='ltr'><strong>Terent.</strong></span> <span class='ocrx_word' id='word_1_217' title='bbox 965 2933 1076 2988; x_wconf 92' lang='lat' dir='ltr'><strong>Phorm.</strong></span> <span class='ocrx_word' id='word_1_218' title='bbox 1093 2934 1139 2988; x_wconf 93' lang='lat' dir='ltr'><strong>III</strong></span> <span class='ocrx_word' id='word_1_219' title='bbox 1157 2938 1181 2996; x_wconf 85' lang='grc'><strong>3,</strong></span> <span class='ocrx_word' id='word_1_220' title='bbox 1203 2938 1235 2987; x_wconf 79' lang='grc'><strong>14</strong></span> <span class='ocrx_word' id='word_1_221' title='bbox 1256 2937 1325 3002; x_wconf 90' lang='lat' dir='ltr'><strong>quot</strong></span> <span class='ocrx_word' id='word_1_222' title='bbox 1342 2929 1422 2986; x_wconf 82' lang='lat' dir='ltr'><strong>hdmi·</strong></span> 
     </span>
     <span class='ocr_line' id='line_1_27' title="bbox 270 2996 1421 3073; baseline -0.006 -17"><span class='ocrx_word' id='word_1_223' title='bbox 270 3021 325 3065; x_wconf 89' lang='lat' dir='ltr'><strong>nes,</strong></span> <span class='ocrx_word' id='word_1_224' title='bbox 344 3004 387 3056; x_wconf 90' lang='lat' dir='ltr'><strong>tot</strong></span> <span class='ocrx_word' id='word_1_225' title='bbox 405 2999 571 3055; x_wconf 72' lang='lat' dir='ltr'><strong>sententiae:</strong></span> <span class='ocrx_word' id='word_1_226' title='bbox 602 3019 667 3054; x_wconf 86' lang='lat' dir='ltr'><strong>suus</strong></span> <span class='ocrx_word' id='word_1_227' title='bbox 685 3000 729 3054; x_wconf 83' lang='lat' dir='ltr'><strong>oui</strong></span> <span class='ocrx_word' id='word_1_228' title='bbox 748 3019 866 3055; x_wconf 87' lang='lat' dir='ltr'><strong>nemos.</strong></span> <span class='ocrx_word' id='word_1_229' title='bbox 885 3031 918 3040; x_wconf 91' lang='lat'>-</span> <span class='ocrx_word' id='word_1_230' title='bbox 937 3001 1026 3056; x_wconf 89' lang='lat' dir='ltr'><strong>Ueber</strong></span> <span class='ocrx_word' id='word_1_231' title='bbox 1043 3003 1086 3056; x_wconf 92' lang='lat' dir='ltr'><strong>die</strong></span> <span class='ocrx_word' id='word_1_232' title='bbox 1104 3001 1206 3073; x_wconf 79' lang='lat' dir='ltr'><strong>Illlipse</strong></span> <span class='ocrx_word' id='word_1_233' title='bbox 1231 3020 1287 3056; x_wconf 86' lang='lat' dir='ltr'><strong>von</strong></span> <span class='ocrx_word' id='word_1_234' title='bbox 1309 3005 1350 3056; x_wconf 88' lang='lat' dir='ltr'><strong>est</strong></span> <span class='ocrx_word' id='word_1_235' title='bbox 1370 2996 1421 3052; x_wconf 91' lang='lat' dir='ltr'><strong>und</strong></span> 
     </span>
     <span class='ocr_line' id='line_1_28' title="bbox 271 3068 1422 3141; baseline -0.004 -17"><span class='ocrx_word' id='word_1_236' title='bbox 271 3070 383 3125; x_wconf 87' lang='lat' dir='ltr'><strong>suntin</strong></span> <span class='ocrx_word' id='word_1_237' title='bbox 401 3068 662 3140; x_wconf 84' lang='lat' dir='ltr'><strong>sprdchub&#39;rtlichen</strong></span> <span class='ocrx_word' id='word_1_238' title='bbox 688 3069 714 3124; x_wconf 86' lang='lat' dir='ltr'><strong>R</strong></span> <span class='ocrx_word' id='word_1_239' title='bbox 749 3073 874 3124; x_wconf 84' lang='lat' dir='ltr'><strong>ensartcn</strong></span> <span class='ocrx_word' id='word_1_240' title='bbox 899 3089 920 3124; x_wconf 91' lang='lat' dir='ltr'><strong>s.</strong></span> <span class='ocrx_word' id='word_1_241' title='bbox 938 3071 1039 3141; x_wconf 84' lang='lat' dir='ltr'><strong>Zumpt</strong></span> <span class='ocrx_word' id='word_1_242' title='bbox 1058 3075 1071 3136; x_wconf 66' lang='grc'><strong>1</strong></span> <span class='ocrx_word' id='word_1_243' title='bbox 1091 3075 1149 3125; x_wconf 71' lang='lat' dir='ltr'><strong>wo.</strong></span> <span class='ocrx_word' id='word_1_244' title='bbox 1184 3071 1246 3140; x_wconf 85' lang='lat' dir='ltr'><strong>Vgl.</strong></span> <span class='ocrx_word' id='word_1_245' title='bbox 1264 3071 1359 3132; x_wconf 78' lang='lat'><strong>1132,</strong></span> <span class='ocrx_word' id='word_1_246' title='bbox 1379 3069 1422 3119; x_wconf 79' lang='lat'><strong>105</strong></span> 
     </span>
     <span class='ocr_line' id='line_1_29' title="bbox 270 3137 586 3194; baseline -0.009 1"><span class='ocrx_word' id='word_1_247' title='bbox 270 3139 383 3194; x_wconf 88' lang='lat' dir='ltr'><strong>iucundi</strong></span> <span class='ocrx_word' id='word_1_248' title='bbox 400 3137 455 3193; x_wconf 88' lang='lat' dir='ltr'><strong>acti</strong></span> <span class='ocrx_word' id='word_1_249' title='bbox 472 3137 586 3193; x_wconf 85' lang='lat' dir='ltr'><strong>labores.</strong></span> 
     </span>
     <span class='ocr_line' id='line_1_30' title="bbox 337 3203 1422 3278; baseline -0.006 -17"><span class='ocrx_word' id='word_1_250' title='bbox 337 3207 386 3261; x_wconf 82' lang='lat' dir='ltr'><strong>lo.</strong></span> <span class='ocrx_word' id='word_1_251' title='bbox 404 3207 596 3269; x_wconf 80' lang='lat' dir='ltr'><strong>Phaedrus,</strong></span> <span class='ocrx_word' id='word_1_252' title='bbox 616 3205 662 3260; x_wconf 88' lang='lat' dir='ltr'><strong>der</strong></span> <span class='ocrx_word' id='word_1_253' title='bbox 679 3205 874 3262; x_wconf 84' lang='lat' dir='ltr'><strong>bedentendste</strong></span> <span class='ocrx_word' id='word_1_254' title='bbox 886 3206 1035 3278; x_wconf 76' lang='lat' dir='ltr'><strong>Anhitnger</strong></span> <span class='ocrx_word' id='word_1_255' title='bbox 1053 3207 1102 3264; x_wconf 88' lang='lat' dir='ltr'><strong>der</strong></span> <span class='ocrx_word' id='word_1_256' title='bbox 1119 3207 1319 3278; x_wconf 87' lang='lat' dir='ltr'><strong>epicureischen</strong></span> <span class='ocrx_word' id='word_1_257' title='bbox 1331 3203 1422 3261; x_wconf 81' lang='lat' dir='ltr'><strong>Schola</strong></span> 
     </span>
     <span class='ocr_line' id='line_1_31' title="bbox 272 3273 1421 3347; baseline -0.008 -15"><span class='ocrx_word' id='word_1_258' title='bbox 272 3278 344 3332; x_wconf 89' lang='lat' dir='ltr'><strong>&#39;encr</strong></span> <span class='ocrx_word' id='word_1_259' title='bbox 362 3277 429 3339; x_wconf 89' lang='lat' dir='ltr'><strong>Zeit,</strong></span> <span class='ocrx_word' id='word_1_260' title='bbox 448 3275 500 3330; x_wconf 91' lang='lat' dir='ltr'><strong>den</strong></span> <span class='ocrx_word' id='word_1_261' title='bbox 518 3275 573 3330; x_wconf 86' lang='lat' dir='ltr'><strong>Cio.</strong></span> <span class='ocrx_word' id='word_1_262' title='bbox 592 3275 621 3329; x_wconf 92' lang='lat' dir='ltr'><strong>in</strong></span> <span class='ocrx_word' id='word_1_263' title='bbox 638 3273 725 3330; x_wconf 87' lang='lat' dir='ltr'><strong>seiner</strong></span> <span class='ocrx_word' id='word_1_264' title='bbox 742 3275 852 3346; x_wconf 78' lang='lat' dir='ltr'><strong>dugend</strong></span> <span class='ocrx_word' id='word_1_265' title='bbox 870 3275 899 3330; x_wconf 94' lang='lat' dir='ltr'><strong>in</strong></span> <span class='ocrx_word' id='word_1_266' title='bbox 917 3275 1005 3340; x_wconf 88' lang='lat' dir='ltr'><strong>Rom,</strong></span> <span class='ocrx_word' id='word_1_267' title='bbox 1033 3280 1125 3347; x_wconf 69' lang='lat' dir='ltr'><strong>opiter</strong></span> <span class='ocrx_word' id='word_1_268' title='bbox 1154 3277 1184 3330; x_wconf 89' lang='lat' dir='ltr'><strong>ln</strong></span> <span class='ocrx_word' id='word_1_269' title='bbox 1210 3276 1304 3331; x_wconf 83' lang='lat' dir='ltr'><strong>Athen</strong></span> <span class='ocrx_word' id='word_1_270' title='bbox 1329 3273 1421 3345; x_wconf 78' lang='lat' dir='ltr'><strong>gehbrt</strong></span> 
     </span>
     <span class='ocr_line' id='line_1_32' title="bbox 266 3298 1419 3418; baseline -0.007 -17"><span class='ocrx_word' id='word_1_271' title='bbox 266 3298 356 3401; x_wconf 85' lang='lat' dir='ltr'><strong>hatte.</strong></span> <span class='ocrx_word' id='word_1_272' title='bbox 391 3346 430 3400; x_wconf 75' lang='lat' dir='ltr'><strong>Er</strong></span> <span class='ocrx_word' id='word_1_273' title='bbox 448 3343 554 3400; x_wconf 87' lang='lat' dir='ltr'><strong>schrieh</strong></span> <span class='ocrx_word' id='word_1_274' title='bbox 572 3344 643 3398; x_wconf 87' lang='lat' dir='ltr'><strong>nach</strong></span> <span class='ocrx_word' id='word_1_275' title='bbox 661 3344 716 3398; x_wconf 78' lang='lat' dir='ltr'><strong>(lic.</strong></span> <span class='ocrx_word' id='word_1_276' title='bbox 741 3343 776 3398; x_wconf 85' lang='lat' dir='ltr'><strong>ad</strong></span> <span class='ocrx_word' id='word_1_277' title='bbox 798 3344 1014 3406; x_wconf 72' lang='lat' dir='ltr'><strong>Acamas,</strong></span> <span class='ocrx_word' id='word_1_278' title='bbox 1034 3350 1049 3398; x_wconf 82' lang='lat'><strong><em>2</em></strong></span> <span class='ocrx_word' id='word_1_279' title='bbox 1073 3345 1116 3399; x_wconf 87' lang='lat' dir='ltr'><strong>ein</strong></span> <span class='ocrx_word' id='word_1_280' title='bbox 1138 3345 1222 3398; x_wconf 86' lang='lat' dir='ltr'><strong>Werk</strong></span> <span class='ocrx_word' id='word_1_281' title='bbox 1243 3351 1311 3418; x_wconf 81' lang='grc' dir='ltr'><strong><em>περὶ</em></strong></span> <span class='ocrx_word' id='word_1_282' title='bbox 1333 3347 1419 3398; x_wconf 76' lang='grc' dir='ltr'><strong><em>θεῶν.</em></strong></span> 
     </span>
     <span class='ocr_line' id='line_1_33' title="bbox 270 3411 1420 3485; baseline -0.006 -17"><span class='ocrx_word' id='word_1_283' title='bbox 270 3415 358 3470; x_wconf 89' lang='lat' dir='ltr'><strong>Zeno</strong></span> <span class='ocrx_word' id='word_1_284' title='bbox 388 3433 437 3468; x_wconf 91' lang='lat' dir='ltr'><strong>aus</strong></span> <span class='ocrx_word' id='word_1_285' title='bbox 468 3412 561 3476; x_wconf 85' lang='lat' dir='ltr'><strong>Sidon,</strong></span> <span class='ocrx_word' id='word_1_286' title='bbox 592 3412 720 3467; x_wconf 85' lang='lat' dir='ltr'><strong>ebsnfalls</strong></span> <span class='ocrx_word' id='word_1_287' title='bbox 749 3412 793 3466; x_wconf 90' lang='lat' dir='ltr'><strong>ein</strong></span> <span class='ocrx_word' id='word_1_288' title='bbox 822 3412 982 3485; x_wconf 84' lang='lat' dir='ltr'><strong>Ilpicuroer,</strong></span> <span class='ocrx_word' id='word_1_289' title='bbox 1014 3413 1187 3484; x_wconf 84' lang='lat' dir='ltr'><strong>Zeitgcnosse</strong></span> <span class='ocrx_word' id='word_1_290' title='bbox 1216 3413 1262 3468; x_wconf 88' lang='lat' dir='ltr'><strong>des</strong></span> <span class='ocrx_word' id='word_1_291' title='bbox 1293 3411 1420 3469; x_wconf 73' lang='lat' dir='ltr'><strong>phetrus.</strong></span> 
     </span>
     <span class='ocr_line' id='line_1_34' title="bbox 268 3481 1420 3554; baseline -0.005 -17"><span class='ocrx_word' id='word_1_292' title='bbox 268 3502 341 3537; x_wconf 90' lang='lat' dir='ltr'><strong>cnm</strong></span> <span class='ocrx_word' id='word_1_293' title='bbox 360 3513 392 3522; x_wconf 88' lang='lat'>-</span> <span class='ocrx_word' id='word_1_294' title='bbox 410 3481 617 3554; x_wconf 89' lang='lat' dir='ltr'><strong>probarent,</strong></span> <span class='ocrx_word' id='word_1_295' title='bbox 635 3481 682 3536; x_wconf 85' lang='lat' dir='ltr'><strong>der</strong></span> <span class='ocrx_word' id='word_1_296' title='bbox 700 3481 792 3536; x_wconf 83' lang='lat' dir='ltr'><strong>Plural</strong></span> <span class='ocrx_word' id='word_1_297' title='bbox 809 3481 880 3535; x_wconf 88' lang='lat' dir='ltr'><strong>naoh</strong></span> <span class='ocrx_word' id='word_1_298' title='bbox 897 3486 1018 3552; x_wconf 86' lang='lat' dir='ltr'><strong>uterque,</strong></span> <span class='ocrx_word' id='word_1_299' title='bbox 1037 3502 1059 3536; x_wconf 89' lang='lat' dir='ltr'><strong>s.</strong></span> <span class='ocrx_word' id='word_1_300' title='bbox 1077 3502 1099 3536; x_wconf 83' lang='lat' dir='ltr'><strong>z.</strong></span> <span class='ocrx_word' id='word_1_301' title='bbox 1116 3483 1147 3536; x_wconf 88' lang='lat' dir='ltr'><strong>H</strong></span> <span class='ocrx_word' id='word_1_302' title='bbox 1167 3487 1224 3544; x_wconf 91' lang='lat'><strong>1,1.</strong></span> <span class='ocrx_word' id='word_1_303' title='bbox 1295 3483 1325 3536; x_wconf 82' lang='lat' dir='ltr'><strong>T.</strong></span> <span class='ocrx_word' id='word_1_304' title='bbox 1338 3481 1420 3534; x_wconf 89' lang='lat' dir='ltr'><strong>Pom·</strong></span> 
     </span>
     <span class='ocr_line' id='line_1_35' title="bbox 267 3549 1421 3622; baseline -0.001 -18"><span class='ocrx_word' id='word_1_305' title='bbox 267 3551 392 3622; x_wconf 91' lang='lat' dir='ltr'><strong>ponius</strong></span> <span class='ocrx_word' id='word_1_306' title='bbox 409 3550 568 3611; x_wconf 80' lang='lat' dir='ltr'><strong>Atticus,</strong></span> <span class='ocrx_word' id='word_1_307' title='bbox 588 3550 640 3604; x_wconf 78' lang='lat' dir='ltr'><strong>mit</strong></span> <span class='ocrx_word' id='word_1_308' title='bbox 658 3549 719 3604; x_wconf 92' lang='lat' dir='ltr'><strong>dem</strong></span> <span class='ocrx_word' id='word_1_309' title='bbox 738 3550 793 3605; x_wconf 78' lang='lat' dir='ltr'><strong>Cio.</strong></span> <span class='ocrx_word' id='word_1_310' title='bbox 811 3550 841 3603; x_wconf 90' lang='lat' dir='ltr'><strong>in</strong></span> <span class='ocrx_word' id='word_1_311' title='bbox 858 3549 950 3604; x_wconf 84' lang='lat' dir='ltr'><strong>Athen</strong></span> <span class='ocrx_word' id='word_1_312' title='bbox 968 3551 1026 3605; x_wconf 84' lang='lat' dir='ltr'><strong>eine</strong></span> <span class='ocrx_word' id='word_1_313' title='bbox 1049 3551 1143 3622; x_wconf 82' lang='lat' dir='ltr'><strong>innige</strong></span> <span class='ocrx_word' id='word_1_314' title='bbox 1160 3549 1360 3606; x_wconf 79' lang='lat' dir='ltr'><strong>Froundsohsft</strong></span> <span class='ocrx_word' id='word_1_315' title='bbox 1381 3563 1421 3615; x_wconf 79' lang='lat' dir='ltr'><strong>ge·</strong></span> 
     </span>
     <span class='ocr_line' id='line_1_36' title="bbox 268 3617 1422 3690; baseline -0.003 -16"><span class='ocrx_word' id='word_1_316' title='bbox 268 3621 404 3674; x_wconf 88' lang='lat' dir='ltr'><strong>schlossen</strong></span> <span class='ocrx_word' id='word_1_317' title='bbox 422 3619 508 3673; x_wconf 88' lang='lat' dir='ltr'><strong>hatte.</strong></span> <span class='ocrx_word' id='word_1_318' title='bbox 544 3620 583 3674; x_wconf 81' lang='lat' dir='ltr'><strong>Er</strong></span> <span class='ocrx_word' id='word_1_319' title='bbox 600 3619 678 3674; x_wconf 84' lang='lat' dir='ltr'><strong>hatte</strong></span> <span class='ocrx_word' id='word_1_320' title='bbox 696 3619 742 3674; x_wconf 89' lang='lat' dir='ltr'><strong>oin</strong></span> <span class='ocrx_word' id='word_1_321' title='bbox 759 3635 866 3690; x_wconf 78' lang='lat' dir='ltr'><strong>grossas</strong></span> <span class='ocrx_word' id='word_1_322' title='bbox 883 3618 1117 3674; x_wconf 81' lang='lat' dir='ltr'><strong>Gssohichtswerk</strong></span> <span class='ocrx_word' id='word_1_323' title='bbox 1134 3620 1260 3675; x_wconf 83' lang='lat' dir='ltr'><strong>verfasst.</strong></span> <span class='ocrx_word' id='word_1_324' title='bbox 1277 3620 1365 3680; x_wconf 80' lang='lat'><strong>1121,</strong></span> <span class='ocrx_word' id='word_1_325' title='bbox 1383 3617 1422 3666; x_wconf 74' lang='grc'><strong>67.</strong></span> 
     </span>
     <span class='ocr_line' id='line_1_37' title="bbox 269 3687 706 3758; baseline 0.002 -17"><span class='ocrx_word' id='word_1_326' title='bbox 269 3693 337 3742; x_wconf 87' lang='lat' dir='ltr'><strong>orat.</strong></span> <span class='ocrx_word' id='word_1_327' title='bbox 356 3693 398 3750; x_wconf 80' lang='lat'><strong>34,</strong></span> <span class='ocrx_word' id='word_1_328' title='bbox 418 3691 476 3740; x_wconf 80' lang='lat'>120.</span> <span class='ocrx_word' id='word_1_329' title='bbox 496 3687 567 3758; x_wconf 88' lang='lat' dir='ltr'><strong>Nep.</strong></span> <span class='ocrx_word' id='word_1_330' title='bbox 586 3687 646 3741; x_wconf 78' lang='lat' dir='ltr'><strong>Aet.</strong></span> <span class='ocrx_word' id='word_1_331' title='bbox 667 3691 706 3742; x_wconf 88' lang='lat'><strong>18.</strong></span> 
     </span>
     <span class='ocr_line' id='line_1_38' title="bbox 338 3750 1421 3828; baseline -0.005 -20"><span class='ocrx_word' id='word_1_332' title='bbox 338 3756 382 3809; x_wconf 77' lang='lat'><strong>17.</strong></span> <span class='ocrx_word' id='word_1_333' title='bbox 417 3755 537 3809; x_wconf 88' lang='lat' dir='ltr'><strong>Prinoi</strong></span> <span class='ocrx_word' id='word_1_334' title='bbox 566 3755 598 3809; x_wconf 88' lang='lat' dir='ltr'><strong>io</strong></span> <span class='ocrx_word' id='word_1_335' title='bbox 618 3755 802 3819; x_wconf 85' lang='lat' dir='ltr'><strong>‘zuvdrderst&#39;,</strong></span> <span class='ocrx_word' id='word_1_336' title='bbox 821 3763 876 3810; x_wconf 83' lang='lat' dir='ltr'><strong>‘um</strong></span> <span class='ocrx_word' id='word_1_337' title='bbox 890 3755 978 3810; x_wconf 89' lang='lat' dir='ltr'><strong>damit</strong></span> <span class='ocrx_word' id='word_1_338' title='bbox 996 3756 1183 3828; x_wconf 77' lang='lat' dir='ltr'><strong>annulangen&#39;,</strong></span> <span class='ocrx_word' id='word_1_339' title='bbox 1202 3757 1231 3810; x_wconf 90' lang='lat' dir='ltr'><strong>in</strong></span> <span class='ocrx_word' id='word_1_340' title='bbox 1249 3756 1296 3810; x_wconf 90' lang='lat' dir='ltr'><strong>der</strong></span> <span class='ocrx_word' id='word_1_341' title='bbox 1307 3750 1421 3808; x_wconf 75' lang='lat' dir='ltr'><strong>Aufndh·</strong></span> 
     </span>
    </p>
   </div>
   <div class='ocr_carea' id='block_1_4' title="bbox 268 3821 1418 3947">
    <p class='ocr_par' dir='ltr' id='par_1_5' title="bbox 268 3821 1418 3947">
     <span class='ocr_line' id='line_1_39' title="bbox 268 3821 1418 3947; baseline -0.003 -71"><span class='ocrx_word' id='word_1_342' title='bbox 268 3823 401 3944; x_wconf 49' lang='lat' dir='ltr'><strong>lunffiwie</strong></span> <span class='ocrx_word' id='word_1_343' title='bbox 418 3841 457 3876; x_wconf 89' lang='lat' dir='ltr'><strong>or.</strong></span> <span class='ocrx_word' id='word_1_344' title='bbox 475 3823 504 3876; x_wconf 91' lang='lat' dir='ltr'><strong>in</strong></span> <span class='ocrx_word' id='word_1_345' title='bbox 545 3823 604 3878; x_wconf 81' lang='lat' dir='ltr'><strong>atil.</strong></span> <span class='ocrx_word' id='word_1_346' title='bbox 621 3825 668 3878; x_wconf 89' lang='lat'><strong>111</strong></span> <span class='ocrx_word' id='word_1_347' title='bbox 681 3829 704 3887; x_wconf 92' lang='lat'><strong>1,</strong></span> <span class='ocrx_word' id='word_1_348' title='bbox 717 3828 742 3878; x_wconf 83' lang='lat'><strong>3.</strong></span> <span class='ocrx_word' id='word_1_349' title='bbox 761 3825 794 3878; x_wconf 90' lang='lat' dir='ltr'><strong>de</strong></span> <span class='ocrx_word' id='word_1_350' title='bbox 812 3825 857 3878; x_wconf 88' lang='lat' dir='ltr'><strong>off.</strong></span> <span class='ocrx_word' id='word_1_351' title='bbox 875 3825 891 3878; x_wconf 94' lang='lat' dir='ltr'>I</span> <span class='ocrx_word' id='word_1_352' title='bbox 908 3829 987 3886; x_wconf 85' lang='lat'><strong>4,11.</strong></span> <span class='ocrx_word' id='word_1_353' title='bbox 1005 3825 1121 3947; x_wconf 67' lang='lat' dir='ltr'><strong>Sepffcrt</strong></span> <span class='ocrx_word' id='word_1_354' title='bbox 1139 3825 1227 3879; x_wconf 85' lang='lat' dir='ltr'><strong>Schol.</strong></span> <span class='ocrx_word' id='word_1_355' title='bbox 1247 3825 1294 3878; x_wconf 86' lang='lat' dir='ltr'><strong>lat.</strong></span> <span class='ocrx_word' id='word_1_356' title='bbox 1313 3824 1327 3876; x_wconf 91' lang='grc'><strong>1</strong></span> <span class='ocrx_word' id='word_1_357' title='bbox 1345 3822 1370 3874; x_wconf 86' lang='lat' dir='ltr'><strong>S.</strong></span> <span class='ocrx_word' id='word_1_358' title='bbox 1380 3821 1418 3872; x_wconf 80' lang='grc'><strong>51.</strong></span> 
     </span>
    </p>
   </div>
   <div class='ocr_carea' id='block_1_5' title="bbox 267 3890 1420 4365">
    <p class='ocr_par' dir='ltr' id='par_1_6' title="bbox 267 3890 1420 4365">
     <span class='ocr_line' id='line_1_40' title="bbox 348 3890 1020 3963; baseline 0.004 -19"><span class='ocrx_word' id='word_1_359' title='bbox 348 3909 376 3944; x_wconf 85' lang='lat' dir='ltr'><strong>cr</strong></span> <span class='ocrx_word' id='word_1_360' title='bbox 393 3893 463 3945; x_wconf 87' lang='lat' dir='ltr'><strong>erstc</strong></span> <span class='ocrx_word' id='word_1_361' title='bbox 481 3891 560 3945; x_wconf 81' lang='grc' dir='ltr'><strong>Γ,11111</strong></span> <span class='ocrx_word' id='word_1_362' title='bbox 577 3891 684 3946; x_wconf 84' lang='lat' dir='ltr'><strong>beaicht</strong></span> <span class='ocrx_word' id='word_1_363' title='bbox 702 3890 761 3945; x_wconf 79' lang='lat' dir='ltr'><strong>rich</strong></span> <span class='ocrx_word' id='word_1_364' title='bbox 780 3893 832 3947; x_wconf 86' lang='lat' dir='ltr'><strong>auf</strong></span> <span class='ocrx_word' id='word_1_365' title='bbox 846 3893 889 3947; x_wconf 87' lang='lat' dir='ltr'><strong>die</strong></span> <span class='ocrx_word' id='word_1_366' title='bbox 906 3893 1020 3963; x_wconf 75' lang='lat' dir='ltr'><strong>Physilr,</strong></span> 
     </span>
     <span class='ocr_line' id='line_1_41' title="bbox 268 3957 1420 4084; baseline 0 -70"><span class='ocrx_word' id='word_1_367' title='bbox 268 3959 358 4040; x_wconf 79' lang='lat' dir='ltr'><strong>Logik</strong></span> <span class='ocrx_word' id='word_1_368' title='bbox 375 3958 528 4040; x_wconf 80' lang='lat' dir='ltr'><strong>behandelt</strong></span> <span class='ocrx_word' id='word_1_369' title='bbox 547 3960 618 4030; x_wconf 82' lang='lat' dir='ltr'><strong>folgt</strong></span> <span class='ocrx_word' id='word_1_370' title='bbox 635 3978 657 4014; x_wconf 89' lang='lat' dir='ltr'><strong>o.</strong></span> <span class='ocrx_word' id='word_1_371' title='bbox 677 3964 700 4023; x_wconf 80' lang='grc'><strong>1,</strong></span> <span class='ocrx_word' id='word_1_372' title='bbox 719 3965 760 4014; x_wconf 79' lang='grc'><strong>22.</strong></span> <span class='ocrx_word' id='word_1_373' title='bbox 804 3962 976 4084; x_wconf 51' lang='lat' dir='ltr'><strong>Pbrimum’</strong></span> <span class='ocrx_word' id='word_1_374' title='bbox 995 3961 1042 4016; x_wconf 88' lang='lat' dir='ltr'><strong>der</strong></span> <span class='ocrx_word' id='word_1_375' title='bbox 1060 3967 1130 4018; x_wconf 76' lang='lat' dir='ltr'><strong>erate</strong></span> <span class='ocrx_word' id='word_1_376' title='bbox 1147 3962 1281 4024; x_wconf 82' lang='lat' dir='ltr'><strong>Vorwurf,</strong></span> <span class='ocrx_word' id='word_1_377' title='bbox 1300 3957 1420 4014; x_wconf 75' lang='lat' dir='ltr'><strong>dudem</strong></span> 
     </span>
     <span class='ocr_line' id='line_1_42' title="bbox 268 4025 1419 4151; baseline -0.001 -69"><span class='ocrx_word' id='word_1_378' title='bbox 268 4029 369 4151; x_wconf 80' lang='lat' dir='ltr'><strong>Epicur</strong></span> <span class='ocrx_word' id='word_1_379' title='bbox 386 4047 416 4082; x_wconf 88' lang='lat' dir='ltr'><strong>m</strong></span> <span class='ocrx_word' id='word_1_380' title='bbox 433 4045 521 4082; x_wconf 85' lang='lat' dir='ltr'><strong>semer</strong></span> <span class='ocrx_word' id='word_1_381' title='bbox 538 4028 721 4099; x_wconf 83' lang='lat' dir='ltr'><strong>Behandlung</strong></span> <span class='ocrx_word' id='word_1_382' title='bbox 738 4029 786 4083; x_wconf 89' lang='lat' dir='ltr'><strong>der</strong></span> <span class='ocrx_word' id='word_1_383' title='bbox 846 4031 909 4100; x_wconf 85' lang='lat' dir='ltr'><strong>ysik</strong></span> <span class='ocrx_word' id='word_1_384' title='bbox 925 4031 1053 4100; x_wconf 80' lang='lat' dir='ltr'><strong>gemacht</strong></span> <span class='ocrx_word' id='word_1_385' title='bbox 1070 4031 1154 4094; x_wconf 89' lang='lat' dir='ltr'><strong>wird‚</strong></span> <span class='ocrx_word' id='word_1_386' title='bbox 1178 4031 1216 4085; x_wconf 87' lang='lat' dir='ltr'><strong>ist</strong></span> <span class='ocrx_word' id='word_1_387' title='bbox 1239 4031 1287 4085; x_wconf 92' lang='lat' dir='ltr'><strong>der</strong></span> <span class='ocrx_word' id='word_1_388' title='bbox 1304 4028 1352 4083; x_wconf 89' lang='lat' dir='ltr'><strong>der</strong></span> <span class='ocrx_word' id='word_1_389' title='bbox 1368 4025 1419 4078; x_wconf 88' lang='lat' dir='ltr'><strong>Un-</strong></span> 
     </span>
     <span class='ocr_line' id='line_1_43' title="bbox 269 4092 1420 4166; baseline 0 -16"><span class='ocrx_word' id='word_1_390' title='bbox 269 4115 296 4150; x_wconf 87' lang='lat' dir='ltr'><strong>se</strong></span> <span class='ocrx_word' id='word_1_391' title='bbox 307 4096 510 4166; x_wconf 74' lang='lat' dir='ltr'><strong>bstdndigkeit3</strong></span> <span class='ocrx_word' id='word_1_392' title='bbox 529 4097 686 4161; x_wconf 79' lang='lat' dir='ltr'><strong>darnueIte,</strong></span> <span class='ocrx_word' id='word_1_393' title='bbox 705 4097 770 4152; x_wconf 89' lang='lat' dir='ltr'><strong>aber</strong></span> <span class='ocrx_word' id='word_1_394' title='bbox 782 4098 860 4153; x_wconf 91' lang='lat' dir='ltr'><strong>nicht</strong></span> <span class='ocrx_word' id='word_1_395' title='bbox 877 4099 929 4153; x_wconf 90' lang='lat' dir='ltr'><strong>mit</strong></span> <span class='ocrx_word' id='word_1_396' title='bbox 940 4098 1037 4154; x_wconf 86' lang='lat' dir='ltr'><strong>deinde</strong></span> <span class='ocrx_word' id='word_1_397' title='bbox 1049 4100 1091 4153; x_wconf 85' lang='lat' dir='ltr'><strong>cin</strong></span> <span class='ocrx_word' id='word_1_398' title='bbox 1112 4099 1227 4164; x_wconf 80' lang='lat' dir='ltr'><strong>efiihrte,</strong></span> <span class='ocrx_word' id='word_1_399' title='bbox 1246 4099 1308 4153; x_wconf 85' lang='lat' dir='ltr'><strong>dass</strong></span> <span class='ocrx_word' id='word_1_400' title='bbox 1326 4114 1355 4151; x_wconf 90' lang='lat' dir='ltr'><strong>er</strong></span> <span class='ocrx_word' id='word_1_401' title='bbox 1371 4092 1420 4146; x_wconf 75' lang='lat' dir='ltr'><strong>den</strong></span> 
     </span>
     <span class='ocr_line' id='line_1_44' title="bbox 267 4165 1418 4238; baseline 0.003 -20"><span class='ocrx_word' id='word_1_402' title='bbox 267 4165 439 4220; x_wconf 83' lang='lat' dir='ltr'><strong>Irrthiimcrn</strong></span> <span class='ocrx_word' id='word_1_403' title='bbox 458 4165 504 4220; x_wconf 87' lang='lat' dir='ltr'><strong>des</strong></span> <span class='ocrx_word' id='word_1_404' title='bbox 517 4165 656 4221; x_wconf 88' lang='lat' dir='ltr'><strong>Democrit</strong></span> <span class='ocrx_word' id='word_1_405' title='bbox 674 4166 745 4220; x_wconf 94' lang='lat' dir='ltr'><strong>noch</strong></span> <span class='ocrx_word' id='word_1_406' title='bbox 764 4167 856 4237; x_wconf 84' lang='lat' dir='ltr'><strong>eigene</strong></span> <span class='ocrx_word' id='word_1_407' title='bbox 874 4167 1056 4237; x_wconf 77' lang='lat' dir='ltr'><strong>hinzngefdgt</strong></span> <span class='ocrx_word' id='word_1_408' title='bbox 1068 4168 1104 4223; x_wconf 84' lang='lat' dir='ltr'><strong>ha</strong></span> <span class='ocrx_word' id='word_1_409' title='bbox 1124 4187 1145 4232; x_wconf 91' lang='lat' dir='ltr'><strong>e,</strong></span> <span class='ocrx_word' id='word_1_410' title='bbox 1165 4169 1235 4238; x_wconf 83' lang='lat' dir='ltr'><strong>folgt</strong></span> <span class='ocrx_word' id='word_1_411' title='bbox 1253 4170 1320 4233; x_wconf 68' lang='lat'>518.</span> <span class='ocrx_word' id='word_1_412' title='bbox 1372 4167 1418 4216; x_wconf 80' lang='lat' dir='ltr'><strong>to·</strong></span> 
     </span>
     <span class='ocr_line' id='line_1_45' title="bbox 269 4231 1418 4317; baseline -0.003 -31"><span class='ocrx_word' id='word_1_413' title='bbox 269 4238 324 4286; x_wconf 86' lang='lat' dir='ltr'><strong>tus</strong></span> <span class='ocrx_word' id='word_1_414' title='bbox 344 4238 395 4288; x_wconf 84' lang='lat' dir='ltr'><strong>est</strong></span> <span class='ocrx_word' id='word_1_415' title='bbox 413 4235 549 4289; x_wconf 87' lang='lat' dir='ltr'><strong>alienus</strong></span> <span class='ocrx_word' id='word_1_416' title='bbox 568 4244 604 4290; x_wconf 86' lang='lat' dir='ltr'><strong>‘er</strong></span> <span class='ocrx_word' id='word_1_417' title='bbox 621 4235 659 4290; x_wconf 92' lang='lat' dir='ltr'><strong>ist</strong></span> <span class='ocrx_word' id='word_1_418' title='bbox 696 4253 746 4290; x_wconf 85' lang='lat' dir='ltr'><strong>anz</strong></span> <span class='ocrx_word' id='word_1_419' title='bbox 764 4235 998 4317; x_wconf 73' lang='lat' dir='ltr'><strong>unselbsttndig&#39;‚</strong></span> <span class='ocrx_word' id='word_1_420' title='bbox 1023 4243 1059 4290; x_wconf 89' lang='lat' dir='ltr'><strong>‘er</strong></span> <span class='ocrx_word' id='word_1_421' title='bbox 1076 4240 1153 4308; x_wconf 73' lang='lat' dir='ltr'><strong>tragt</strong></span> <span class='ocrx_word' id='word_1_422' title='bbox 1171 4236 1248 4290; x_wconf 90' lang='lat' dir='ltr'><strong>nicht</strong></span> <span class='ocrx_word' id='word_1_423' title='bbox 1266 4236 1338 4290; x_wconf 82' lang='lat' dir='ltr'><strong>aeine</strong></span> <span class='ocrx_word' id='word_1_424' title='bbox 1355 4231 1418 4300; x_wconf 82' lang='lat' dir='ltr'><strong>eige</strong></span> 
     </span>
     <span class='ocr_line' id='line_1_46' title="bbox 268 4253 1418 4365; baseline -0.004 -10"><span class='ocrx_word' id='word_1_425' title='bbox 268 4320 328 4365; x_wconf 88' lang='lat' dir='ltr'><strong>nen,</strong></span> <span class='ocrx_word' id='word_1_426' title='bbox 346 4301 463 4358; x_wconf 88' lang='lat' dir='ltr'><strong>sondern</strong></span> <span class='ocrx_word' id='word_1_427' title='bbox 480 4253 742 4360; x_wconf 70' lang='lat' dir='ltr'><strong>fremdeAnsiodten</strong></span> <span class='ocrx_word' id='word_1_428' title='bbox 759 4307 823 4360; x_wconf 63' lang='lat' dir='ltr'><strong>vor).</strong></span> <span class='ocrx_word' id='word_1_429' title='bbox 842 4305 911 4360; x_wconf 89' lang='lat' dir='ltr'><strong>Hier</strong></span> <span class='ocrx_word' id='word_1_430' title='bbox 927 4305 994 4359; x_wconf 85' lang='lat' dir='ltr'><strong>wrrd</strong></span> <span class='ocrx_word' id='word_1_431' title='bbox 1012 4304 1117 4360; x_wconf 86' lang='lat' dir='ltr'><strong>alienus</strong></span> <span class='ocrx_word' id='word_1_432' title='bbox 1135 4305 1187 4359; x_wconf 91' lang='lat' dir='ltr'><strong>mit</strong></span> <span class='ocrx_word' id='word_1_433' title='bbox 1205 4305 1234 4358; x_wconf 93' lang='lat' dir='ltr'><strong>in</strong></span> <span class='ocrx_word' id='word_1_434' title='bbox 1252 4301 1418 4358; x_wconf 87' lang='lat' dir='ltr'><strong>construiert‚</strong></span> 
     </span>
    </p>
   </div>
   <div class='ocr_carea' id='block_1_6' title="bbox 1058 3887 1421 3956">
    <p class='ocr_par' dir='ltr' id='par_1_7' title="bbox 1058 3887 1421 3956">
     <span class='ocr_line' id='line_1_47' title="bbox 1058 3887 1421 3956; baseline -0.03 -7"><span class='ocrx_word' id='word_1_435' title='bbox 1058 3913 1086 3948; x_wconf 89' lang='lat' dir='ltr'><strong>er</strong></span> <span class='ocrx_word' id='word_1_436' title='bbox 1104 3895 1196 3948; x_wconf 81' lang='lat' dir='ltr'><strong>aweite</strong></span> <span class='ocrx_word' id='word_1_437' title='bbox 1214 3893 1300 3956; x_wconf 75' lang='lat' dir='ltr'><strong>Thsil,</strong></span> <span class='ocrx_word' id='word_1_438' title='bbox 1317 3891 1363 3944; x_wconf 90' lang='lat' dir='ltr'><strong>der</strong></span> <span class='ocrx_word' id='word_1_439' title='bbox 1380 3887 1421 3939; x_wconf 87' lang='lat' dir='ltr'><strong>die</strong></span> 
     </span>
    </p>
   </div>
   <div class='ocr_carea' id='block_1_7' title="bbox 0 0 1516 4932">
    <p class='ocr_par' dir='ltr' id='par_1_8' title="bbox 0 0 1516 4932">
     <span class='ocr_line' id='line_1_48' title="bbox 0 0 1516 4932; baseline 0 0"><span class='ocrx_word' id='word_1_440' title='bbox 0 0 1516 4932; x_wconf 95' lang='lat' dir='ltr'><strong> </strong></span> 
     </span>
    </p>
   </div>
  </div>
 </body>
</html>
