3024 4938
227 283 269 345 20
458 275 508 329 Du
527 271 678 328 FINlBUS
697 267 881 326 BONORUM
899 268 946 322 ΕΤ
965 265 1154 320 Matonem

226 447 343 526 voluit,
369 445 533 511 deteriora
556 443 652 519 fecit3
679 439 863 506 disserendi
886 444 991 503 artem
1020 435 1149 528 nullam
1171 433 1304 510 habuit;
1331 457 1392 498 ro-

227 554 392 638 luptatem
416 572 490 614 cum
519 569 683 611 summum
716 545 837 608 bonum
867 541 1008 619 diceret,
1033 538 1173 622 primum
1198 538 1231 602 in
1255 560 1293 601 eo
1316 537 1392 621 ipso

227 675 343 738 parum
366 651 461 730 vidit,
487 649 606 714 deinde
625 650 688 712 hoe
713 668 843 730 quoque
867 645 1021 722 alienum,
1047 663 1121 706 nam
1146 649 1222 706 ante
1247 639 1394 723 Aristip-

228 779 290 841 pus
318 763 353 820 et
374 755 431 819 ille
455 753 589 829 melius3
620 750 778 816 addidisti
811 750 851 815 ad
881 753 1064 814 extremum
1092 746 1189 810 etiam
1219 744 1392 807 indoctum
1499 785 1500 816 ,

228 859 342 924 fuisse.
372 855 434 940 (27)
468 856 564 934 Fieri,
589 855 733 938 inquam,
758 852 873 931 Triari,
897 852 989 916 nullo
1006 858 1104 936 pact-o
1125 853 1238 933 potest
1265 853 1396 911 utnon
1499 855 1500 860 ’

230 964 331 1041 dieas,
361 960 439 1044 quid
467 982 533 1024 non
562 958 681 1042 probes
705 955 791 1034 eius,
825 976 932 1040 aquo
957 953 1146 1017 dissentias.
1193 950 1282 1015 Quid
1306 950 1396 1014 enim

230 1088 282 1130 me
319 1063 511 1150 prohiberet
543 1059 743 1144 Epicureum
784 1079 872 1136 esse,
922 1057 950 1120 si
990 1057 1180 1140 probarem,
1221 1075 1303 1137 quae
1335 1054 1396 1118 ille

231 1168 379 1233 diceret?
403 1187 477 1229 cum
500 1161 695 1248 praesertim
723 1160 783 1223 illa
805 1157 991 1245 perdiscere
1015 1159 1114 1222 ludus
1138 1163 1237 1222 esset.
1285 1156 1394 1221 Quam

231 1270 274 1333 cb
307 1290 375 1332 rem
416 1263 685 1330 dissentientium
724 1263 810 1327 inter
848 1284 883 1326 se
914 1261 1186 1346 reprehensiones
1217 1283 1284 1324 non
1317 1267 1398 1324 sunt

231 1369 483 1454 vituperandae:
515 1366 711 1444 maledicta,
742 1366 981 1443 contumeliae,
1016 1373 1089 1428 turn
1116 1363 1292 1428 iracundae
1317 1385 1397 1427 con·
1500 1395 1501 1452 ι

230 1474 401 1540 tentiones
418 1470 749 1552 concertationesque
764 1468 799 1532 in
820 1468 1020 1553 disputando
1037 1468 1222 1552 pertinaces
1238 1466 1397 1549 indignae

235 1574 446 1660 philosophia
462 1572 544 1636 mihi
559 1571 664 1635 videri
680 1571 799 1634 solent.
847 1569 911 1654 (28)
928 1572 1012 1634 'lum
1029 1571 1225 1655 Torquatus,
1242 1571 1396 1648 Prorsus,

233 1678 353 1761 inquit,
378 1676 560 1751 assentior;
594 1695 700 1757 neque
734 1673 819 1736 enim
845 1673 1005 1757 disputari
1035 1673 1104 1737 sine
1128 1671 1397 1757 reprehensione,

234 1804 294 1848 nec
327 1803 402 1845 cum
442 1778 611 1844 iracundia
648 1783 705 1842 aut
736 1777 916 1862 pertinacia
952 1785 1042 1842 recte
1075 1777 1235 1862 disputari
1267 1781 1396 1860 potest.

234 1886 300 1951 Sed
324 1885 365 1948 ad
388 1886 481 1962 haee,
506 1881 570 1946 nisi
592 1882 772 1945 molestum
795 1887 861 1956 est,
884 1883 991 1946 habeo
1016 1903 1099 1964 quae
1115 1880 1226 1944 velim.
1260 1881 1314 1942 An
1331 1899 1397 1956 me,

234 1989 380 2072 inquam,
405 1985 469 2050 nisi
491 1988 524 2050 te
548 1984 659 2048 audire
682 1984 814 2062 vellem,
841 2005 955 2048 censes
978 1986 1060 2048 haec
1084 1984 1247 2047 dicturum
1271 1981 1398 2046 luisse?
1501 1995 1502 2004 ²

238 2212 316 2265 liant.
352 2214 393 2272 18,
411 2214 445 2263 60
463 2227 517 2278 qua
553 2207 582 2262 ui
600 2210 642 2261 est
660 2205 792 2269 imbutus,
810 2205 918 2275 quietus
938 2224 994 2260 esse
1012 2224 1152 2275 nunquam
1171 2209 1270 2275 potest.
1305 2205 1399 2267 1134,

238 2283 286 2332 115
305 2277 403 2348 quibus
421 2278 469 2347 qui
487 2295 547 2331 care
568 2280 632 2339 ant,
660 2275 760 2329 inertes
784 2275 967 2329 amaicribus
994 2273 1217 2328 nominabantur.
1254 2274 1279 2326 V
1297 2277 1343 2336 28,
1363 2277 1399 2326 83

237 2347 265 2401 id
285 2365 318 2400 ue
335 2346 437 2400 bonum
456 2346 543 2399 solum
562 2344 615 2406 sit,
646 2361 699 2412 quo
745 2342 774 2397 ui
810 2343 914 2397 otiatur
932 2361 1037 2397 necesse
1063 2347 1105 2398 est
1132 2343 1227 2398 beatus
1254 2343 1291 2396 sit
1317 2363 1345 2397 u.
1365 2345 1393 2398 ὃ.

237 2366 412 2470 adqdidisti
430 2412 470 2466 ad
494 2416 695 2467 extremum:
727 2362 766 2464 de
783 2362 867 2465 (lirin.
885 2412 915 2465 II
934 2416 974 2476 10,
994 2417 1026 2465 26
1053 2411 1159 2466 addunt
1186 2411 1220 2466 ad
1243 2416 1395 2465 extremum

238 2481 329 2537 omnia
345 2482 430 2535 levius
449 2498 545 2535 casura
562 2479 642 2534 rebus
661 2479 761 2533 divinis
784 2480 944 2549 procuratis.
981 2481 1015 2536 de
1032 2481 1111 2535 amic.
1130 2485 1177 2546 26,
1196 2485 1229 2534 99
1256 2480 1291 2534 ad
1310 2483 1394 2534 extre·

239 2569 315 2605 mum
333 2550 379 2604 det
396 2567 493 2602 manus
510 2549 635 2619 vincique
652 2565 680 2602 se
697 2547 829 2618 patiatur.

306 2617 353 2672 21.
388 2616 418 2671 si
435 2617 628 2687 probarem,
680 2616 985 2672 uaeillediceretl
1022 2617 1394 2672 DieLehrevondereon·
1502 2619 1503 2678 ζ

238 2687 341 2741 secutio
354 2689 508 2755 temporum
525 2685 650 2756 verlangt
687 2685 782 2739 ierim
800 2685 974 2756 abhingigen
987 2685 1066 2740 Setae
1084 2687 1133 2740 das
1145 2687 1255 2756 Imperf.
1274 2685 1395 2752 (diceret,
1478 2689 1503 2722 θ

236 2758 328 2822 esset),
347 2774 388 2809 wo
405 2755 454 2808 wir
472 2755 510 2808 im
528 2753 684 2808 Deutschen
701 2752 751 2807 das
768 2754 885 2809 Prasens
903 2755 1081 2825 gebrauchen.
1111 2773 1133 2808 c.
1153 2759 1177 2816 5,
1198 2761 1229 2808 14
1247 2773 1327 2826 quem
1345 2773 1396 2826 ego

242 2823 360 2878 arbitror
372 2851 401 2862 -
413 2823 506 2876 omnia
523 2822 669 2877 tradidisse
687 2839 756 2892 quae
773 2823 938 2892 pertinerent
957 2824 991 2877 ad
1010 2824 1076 2878 bene
1094 2824 1224 2893 beateque
1241 2824 1396 2879 vivendum.

239 2912 276 2946 or.
295 2893 328 2946 de
345 2893 409 2961 imp.
421 2891 516 2962 Pomp.
530 2896 554 2956 9,
567 2895 600 2945 26
618 2891 686 2945 satis
704 2891 774 2945 mihi
791 2893 878 2946 multa
895 2892 977 2946 verba
995 2893 1089 2947 fecisse
1106 2893 1206 2956 videor,
1225 2911 1308 2962 quare
1326 2896 1398 2946 esset

238 2962 290 3015 hoc
308 2959 406 3014 bellum
424 2977 520 3030 genere
537 2960 547 3013 i
566 2978 596 3014 ao
614 2959 801 3030 periculosum.
820 2961 921 3031 Zumpt
940 2964 952 3025 ἓ
972 2965 1030 3015 515.
1116 2961 1180 3016 illa
1198 2961 1397 3031 perdiscere

238 3027 337 3083 ludus
356 3029 453 3082 esset.
479 3029 533 3083 Zur
546 2979 636 3082 bache
654 3047 674 3082 s.
694 3046 728 3081 au
746 3045 767 3082 o.
786 3033 811 3090 5,
826 3033 866 3084 13.
935 3029 1121 3090 iracundae
1138 3029 1395 3085 contentiones.

239 3098 320 3151 Diese
337 3115 391 3151 von
408 3096 525 3150 Lambin
544 3113 751 3167 ausgegangene
768 3097 894 3152 Aenderu
951 3099 997 3152 des
1014 3098 1123 3153 hdschr.
1141 3098 1310 3161 iracundiae,
1336 3119 1396 3154 con-

241 3166 377 3220 tentiones
396 3165 533 3235 empfiehlt
550 3166 608 3220 sich
626 3166 711 3220 sehon
729 3183 821 3236 wegen
839 3165 885 3220 des
896 3116 1025 3221 1ificdurch
1045 3166 1230 3222 cintretenden
1242 3168 1397 3222 Chiasmus.

240 3234 521 3290 concertationes
544 3234 606 3289 sehr
624 3234 718 3304 haufig
735 3253 799 3290 vom
816 3235 939 3317 heftigen
956 3236 1140 3306 Wortgezink
1158 3237 1195 3290 im
1214 3237 1397 3307 Disputiereu.

242 3304 273 3357 de
291 3301 375 3357 divin.
393 3303 408 3356 I
426 3306 467 3363 30,
487 3307 519 3356 62
538 3303 689 3357 Carneades
708 3304 917 3359 concertationis
944 3305 1037 3359 studio
1063 3304 1144 3358 modo
1171 3306 1212 3358 ait
1237 3305 1289 3360 hoc
1316 3305 1398 3360 modo

240 3370 315 3426 illud.
335 3374 404 3426 orat.
423 3372 438 3424 I
456 3375 498 3436 43,
520 3376 568 3424 194
586 3372 715 3426 doeemur
732 3391 787 3426 non
804 3373 922 3427 infinitis
939 3373 1224 3444 concertationumque
1241 3373 1327 3444 plenis
1345 3375 1398 3428 dis·

239 3439 440 3510 putationibus,
467 3439 585 3495 weshalb
611 3459 665 3495 von
683 3440 738 3495 cie.
756 3442 835 3494 Brut.
855 3445 896 3504 83,
915 3445 964 3494 287
992 3460 1073 3512 sogar
1099 3441 1143 3495 ein
1169 3443 1398 3498 concertatorium

240 3527 327 3578 genus
344 3508 432 3563 neben
451 3508 539 3563 einem
557 3527 642 3579 genus
661 3510 766 3563 forense
783 3508 840 3564 und
858 3527 942 3579 genus
960 3509 1086 3564 iudiciale
1103 3511 1258 3566 aufoestellt
1275 3511 1352 3566 wird.

312 3574 362 3630 28.
398 3579 488 3630 reete
507 3577 689 3647 disputari.
726 3578 808 3633 Diese
826 3578 933 3641 Worte,
952 3579 1049 3633 welche
1067 3579 1097 3632 in
1114 3555 1221 3650 eiriigen
1240 3579 1324 3635 Oodd.
1343 3581 1398 3634 feh-

241 3646 292 3707 len,
311 3644 372 3697 sind
384 3644 549 3715 keineswegs
560 3645 738 3716 iiberdiisaig3
757 3646 795 3700 sie
813 3645 904 3701 bilden
922 3647 951 3701 in
964 3647 1142 3716 Verbindung
1160 3648 1212 3702 mit
1230 3649 1291 3702 dem
1310 3653 1399 3704 ersten

240 3710 376 3780 disputari
393 3711 436 3765 die
453 3716 579 3767 ausseren
598 3713 704 3769 Glieder
722 3715 770 3770 des
789 3715 941 3780 Ohimmm,
960 3716 1088 3771 w'ahrend
1113 3717 1158 3772 die
1177 3718 1273 3771 innern
1291 3718 1399 3772 Glieder

241 3779 377 3860 desselben
395 3779 523 3860 vonnden
550 3782 677 3837 einander
703 3784 1005 3854 gegeniiberstehenden
1022 3785 1400 3856 Prdpositionalausdriicken

241 3854 316 3913 (eum
343 3847 484 3902 iracundia
503 3879 533 3888 ·-
553 3851 611 3904 sine
636 3852 797 3921 pertinacia)
845 3852 946 3910 ebildet
971 3853 1084 3908 werden.
1122 3854 1164 3908 N··
1189 3854 1254 3911 elsb.
1284 3859 1347 3919 167,
1377 3861 1399 3909 1.

241 3915 349 3970 habeo
376 3935 461 3985 quae
488 3918 591 3972 velim
618 3921 700 3974 niiml.
719 3939 816 4044 respon
836 3941 885 3977 ere.
921 3923 989 3977 Sehr
1006 3923 1100 3993 hiiufig
1117 3923 1155 3977 ist
1192 3923 1216 3977 ie
1234 3923 1334 3994 Ellipse
1353 3925 1401 3978 der

241 3982 323 4037 rerba
340 3982 447 4038 dicendi
465 3985 493 4039 in
512 3987 613 4040 kurzen
632 3989 744 4043 Siitzen:
783 3991 857 4055 118,
876 3995 908 4044 59
928 3990 974 4045 sed
993 3991 1075 4046 nimis
1092 3992 1179 4046 multa
1198 3992 1323 4062 (loquor).
1359 3993 1401 4047 IV

243 4058 296 4113 1,2
313 4070 368 4105 ιιοιι
385 4054 542 4117 mehercule,
561 4056 681 4125 inquam,
701 4057 772 4112 soleo
789 4062 890 4114 temere
907 4063 1002 4114 contra
1014 4060 1119 4114 Stoicos
1133 4060 1303 4131 (disputare),
1322 4061 1401 4115 eben·

245 4119 302 4173 das.
321 4121 456 4202 quare'ad
475 4124 656 4194 caprimum,
675 4125 699 4179 si
716 4124 832 4190 videtur,
850 4129 1073 4199 (respondeatur).
1108 4129 1188 4183 Noch
1206 4130 1302 4183 kiirzer
1320 4130 1402 4185 Tuae.

241 4187 315 4267 123,
334 4193 366 4241 55
386 4209 439 4244 nrsr
456 4190 523 4260 quid
541 4192 624 4246 habes
642 4193 676 4247 ad
694 4194 768 4247 haec.
859 4197 909 4250 An
928 4215 988 4259 me,
1007 4197 1143 4266 inquam
1161 4201 1211 4251 etc.
1248 4197 1401 4262 ‘Verstehts

242 4255 300 4309 sich
318 4276 370 4311 von
388 4258 483 4323 selbot,
508 4259 570 4314 dass
588 4260 626 4315 du
644 4265 811 4327 antwortest
830 4264 894 4318 oder
911 4265 1011 4320 meinst
1029 4265 1089 4319 du?'
1130 4265 1180 4320 Bei
1205 4265 1324 4320 directen
1349 4269 1402 4322 mit
