2942 4950
249 331 312 396 228
392 407 395 412 Δ
486 327 537 382 Du
554 326 707 382 FINIBUS
725 325 911 381 BONORUM
928 325 975 380 ΕΤ
995 323 1184 380 MALORUM

250 507 330 564 sunt
352 499 457 583 prima
478 499 513 562 iu
535 497 652 562 animis
676 496 770 581 quasi
792 495 953 560 virtutum
978 494 1118 578 igniculi
1134 501 1167 558 et
1183 493 1314 558 semina.
1348 492 1388 552 Ex

250 601 301 667 his
323 600 431 665 tribus
448 622 521 664 cum
538 621 639 663 unum
656 597 780 682 aliquid
796 597 851 677 sit,
868 619 932 682 quo
948 597 1090 682 primum
1105 602 1223 660 natura
1238 598 1389 660 moveatur

250 704 304 769 vel
327 701 369 767 ad
392 702 614 788 appetendum
637 700 755 764 velud
778 699 1021 784 repellendum,
1051 720 1113 792 nec
1141 699 1311 782 quicquam
1335 717 1388 758 on·

250 804 327 870 nino
351 811 483 888 praeter
505 805 587 867 haec
609 802 674 865 tria
696 799 803 886 possit
827 823 913 880 esse,
943 822 1078 866 neccsse
1107 807 1159 864 est
1182 799 1310 864 omnino
1332 796 1389 860 cffi-

251 908 338 971 cium
361 913 419 970 aut
442 904 594 990 fugiendi
616 911 674 968 aut
697 903 857 987 sequendi
880 905 922 968 ad
945 925 1057 968 eorum
1082 901 1206 987 aliquid
1224 900 1341 978 referri,
1362 907 1390 961 ut

250 1011 307 1074 illa
329 1008 523 1094 prudentia,
557 1029 656 1091 quam
687 1014 793 1072 artem
824 1006 913 1072 vitae
945 1029 1017 1071 csse
1049 1006 1211 1084 diximus,
1245 1005 1278 1068 in
1299 1024 1389 1068 carun

249 1113 350 1178 trium
372 1135 481 1178 rerum
505 1112 615 1194 aliqua
637 1118 798 1190 versetur,
823 1134 841 1173 a
865 1134 930 1195 qua
950 1111 1057 1175 totius
1080 1109 1169 1174 vitae
1194 1109 1294 1174 ducat
1314 1127 1389 1170 exor-

250 1217 353 1280 dium.
400 1213 459 1298 (19)
483 1214 535 1277 Ex
558 1235 596 1277 co
621 1220 752 1291 autem,
778 1214 867 1298 quod
889 1213 1047 1278 statuerit
1071 1235 1156 1292 esse,
1183 1235 1247 1296 quo
1271 1209 1390 1296 primum

250 1325 368 1383 natura
400 1323 590 1394 moveatur,
624 1315 765 1380 exsistet
796 1315 879 1380 recti
912 1315 1013 1380 etiam
1036 1316 1119 1380 ratio
1143 1321 1244 1400 atque
1266 1309 1389 1382 honesti,

251 1441 333 1504 quae
357 1441 432 1483 cum
454 1418 565 1503 aliquo
597 1441 662 1482 uno
695 1440 736 1482 ex
767 1417 874 1482 tribus
906 1417 973 1482 illis
1006 1440 1187 1504 congruere
1220 1415 1336 1501 possit,
1362 1420 1391 1474 ut
1444 1435 1445 1470 1

251 1521 365 1586 antid
388 1525 565 1586 honestum
588 1521 648 1600 sit,
682 1520 791 1585 facere
816 1521 923 1585 omniu
953 1520 1134 1605 voluptatis
1164 1543 1279 1600 causa,
1311 1517 1390 1581 etiam

250 1625 278 1689 si
301 1646 373 1688 eam
395 1646 462 1688 non
486 1645 699 1708 consequare,
723 1630 781 1687 eut
804 1646 870 1688 non
893 1624 1039 1703 dolendi,
1064 1623 1165 1688 etiam
1189 1625 1218 1687 si
1233 1622 1267 1686 id
1282 1615 1389 1701 assequi

249 1748 409 1811 nequeas,
443 1734 501 1790 aut
524 1749 648 1806 eorum,
674 1748 756 1812 quae
781 1727 961 1791 secundum
985 1735 1137 1793 naturam
1160 1734 1259 1806 sunt,
1291 1722 1389 1806 adipis·
1445 1771 1446 1794 ,

251 1830 358 1909 cendi,
384 1829 482 1894 etiam
507 1830 535 1892 si
557 1829 641 1894 nihil
666 1850 878 1914 consequare.
920 1829 975 1894 Ita
990 1831 1030 1894 fit
1046 1837 1095 1910 ut,
1121 1835 1246 1914 quanta
1261 1829 1389 1892 differen-

249 1933 298 1996 tia
321 1936 372 1996 est
394 1931 429 1995 in
451 1931 620 2017 principiis
643 1931 860 2012 naturalibus,
884 1937 979 1997 tauta
1001 1933 1095 1998 sitin
1111 1933 1235 1997 finibus
1251 1934 1388 1998 bonorum

250 2036 477 2118 malorumque
501 2033 749 2098 dissimilitudo.
797 2033 867 2099 Alii
893 2057 1023 2100 rursum
1050 2035 1169 2100 iisdem
1197 2059 1219 2126 a
1245 2029 1388 2120 principiis
1446 2091 1447 2100 ,

251 2159 346 2200 omne
390 2137 537 2200 officium
579 2135 723 2200 referent
769 2140 827 2200 aut
863 2137 905 2201 ad
942 2139 1150 2222 voluptatem
1183 2145 1243 2202 aut
1274 2135 1311 2200 ad
1338 2153 1389 2196 non

251 2240 432 2303 dolendum
463 2247 522 2303 aut
554 2239 595 2304 ad
627 2240 731 2324 prima
754 2239 813 2310 illa
836 2241 1017 2306 secundum
1040 2248 1195 2306 naturam
1220 2237 1387 2305 obtinenda.

250 2341 317 2427 (20)
347 2341 516 2427 Expositis
547 2342 613 2406 iam
644 2341 748 2426 igitur
779 2367 837 2408 sex
870 2345 909 2408 dc
942 2367 1069 2408 summo
1102 2344 1190 2409 bono
1225 2337 1389 2414 sententiis,

250 2445 351 2508 trium
374 2443 596 2528 proximarum
619 2444 654 2507 hi
676 2445 860 2529 principes:
894 2447 1077 2531 voluptatis
1102 2446 1311 2532 Aristippus,
1339 2461 1391 2504 uon

251 2547 385 2610 dolendi
400 2545 634 2630 Hieronymus,
659 2546 791 2612 fruendi
806 2549 904 2613 rebus
920 2549 971 2628 iis,
997 2573 1077 2634 quas
1092 2549 1216 2634 primas
1233 2545 1391 2614 secundum

250 2652 403 2711 naturam
426 2669 497 2711 csse
521 2648 680 2726 diximus,
715 2649 900 2714 Carneades
932 2674 1000 2716 non
1029 2653 1086 2716 ille
1120 2653 1254 2736 quidem
1284 2655 1389 2719 auctor,

251 2752 310 2814 sed
341 2749 495 2814 defensor
526 2751 709 2816 disserendi
741 2775 839 2818 causa
870 2753 946 2818 fuit.
994 2757 1185 2840 Superiores
1218 2764 1286 2821 tres
1316 2755 1391 2817 erant
1448 2763 1449 2778 ³

251 2873 334 2935 quae
366 2873 439 2915 esse
470 2860 626 2937 possent,
666 2876 804 2938 quarum
836 2863 888 2920 cst
918 2880 984 2922 una
1015 2860 1085 2922 sola
1118 2858 1275 2938 defense,
1307 2870 1390 2936 caque

250 3140 366 3195 hdchste
383 3139 449 3195 cuc.
565 3161 707 3223 quorum
726 3144 854 3200 similia
872 3150 953 3201 sunt
970 3149 1078 3218 prima
1095 3149 1129 3202 in
1148 3150 1282 3205 animis.
1316 3143 1391 3221 usic
1447 3183 1449 3192 ι

249 3209 327 3263 nicht
344 3208 411 3272 klar,
430 3209 464 3264 ob
477 3209 533 3264 eie.
551 3211 595 3267 d1e
612 3216 703 3268 ersten
720 3213 984 3270 Naturbediirfnisss
1001 3218 1030 3270 in
1047 3217 1152 3272 Betreff
1167 3216 1215 3273 der
1232 3218 1303 3274 Sesle
1318 3220 1344 3270 in
1359 3211 1391 3264 dle

248 3277 346 3332 Klasse
364 3278 412 3332 der
429 3282 519 3333 ersten
535 3279 564 3334 N
565 3281 799 3337 atnrbediirfnisse
817 3283 972 3354 uberhaupt
999 3286 1119 3342 rcchnst.
1154 3287 1227 3342 Dass
1245 3287 1288 3341 dic
1305 3282 1391 3339 ‘neimo

249 3345 297 3401 der
314 3346 440 3417 Tugend'
460 3366 514 3403 vcu
541 3348 692 3404 Carneades
719 3350 797 3406 nicht
824 3351 894 3407 dazu
919 3355 1064 3423 gerochnet
1088 3355 1217 3420 wurden,
1243 3355 1308 3428 geht
1324 3352 1391 3407 schcu

250 3414 349 3470 durans
375 3415 489 3480 hervcr,
516 3417 579 3472 dass
609 3418 658 3472 das
676 3419 791 3475 hdchstc
808 3420 866 3475 Gut
884 3421 931 3476 des
949 3421 1109 3487 Carneades,
1136 3424 1185 3479 das
1204 3425 1311 3480 hieraus
1328 3421 1390 3488 abge·

248 3483 324 3538 lcitet
342 3483 417 3547 wird,
437 3484 484 3539 der
501 3485 615 3556 'l'ugond
633 3486 768 3543 cutbehrt.
788 3489 903 3556 (Madv.)
956 3493 1126 3548 virtutum
1144 3493 1292 3564 igniculi
1308 3487 1390 3546 ‘ruk-

248 3552 334 3616 chen’,
352 3553 431 3608 Tusc.
448 3555 494 3608 111
514 3560 537 3617 1,
556 3561 572 3609 2
590 3556 716 3626 parvulos
734 3556 815 3612 nobis
833 3557 909 3613 dedit
927 3560 1061 3630 igniculos
1080 3565 1212 3630 (natura).
1231 3563 1264 3618 dc
1275 3563 1322 3632 leg.
1333 3560 1347 3613 I
1358 3559 1389 3613 12,

249 3625 281 3673 33
300 3623 333 3675 ut
351 3620 385 3675 ab
403 3640 435 3676 ea
452 3625 594 3692 tamquam
611 3625 725 3695 igniculi
742 3628 952 3697 exstinguantur
971 3648 986 3684 a
1005 3633 1104 3684 natura
1122 3630 1189 3686 dati.

319 3688 368 3744 19.
404 3689 437 3744 id
455 3691 635 3747 honestum
654 3693 703 3748 sit
721 3698 770 3750 etc.
789 3696 845 3750 Das
864 3697 1042 3770 Sittlichgutc
1060 3700 1178 3754 umfasst
1197 3699 1321 3756 drcicrlci.
1338 3695 1390 3749 Der·

245 3757 338 3826 jenigc
356 3759 468 3814 haudclt
485 3761 604 3816 ntimlich
623 3762 726 3818 sittlich
766 3767 791 3828 t,
810 3764 857 3820 der
874 3766 938 3820 allos
956 3767 1022 3822 thut
1050 3771 1075 3836 1)
1093 3788 1140 3823 um
1159 3769 1206 3824 der
1223 3771 1294 3824 Lust
1310 3763 1389 3822 willen,

249 3827 277 3904 2)
296 3843 375 3880 wenn
391 3828 448 3882 dies
466 3829 544 3884 nicht
560 3831 675 3901 gesallsn
694 3851 723 3885 so
743 3837 778 3898 te,
797 3853 844 3887 um
863 3834 910 3890 der
928 3836 1294 3908 Schmonlcsigkeitwillen,
1311 3839 1390 3900 3)u111

250 3893 375 4014 pisschssgas
393 3896 607 4018 Netupgemhsse
626 3901 802 3972 annucigucn.
890 3922 1000 3961 corum
1021 3935 1050 3944 -
1071 3906 1284 3978 adipiscendi
1302 3924 1321 3958 s.
1337 3897 1390 3956 aul

248 4029 343 4094 ustor,
362 4031 459 4086 welche
477 4052 525 4088 aus
540 4036 622 4103 jeuen
640 4037 697 4091 drci
714 4040 800 4094 Arten
820 4041 866 4094 der
884 4046 973 4096 ersten
990 4042 1157 4114 Lockungcn
1176 4045 1222 4100 der
1240 4044 1327 4098 Natur
1342 4039 1389 4092 her·

248 4098 391 4168 vorgchcn‚
410 4101 502 4156 indem
521 4102 569 4157 das
587 4105 659 4159 Gute
678 4108 707 4160 in
725 4108 769 4162 die
786 4110 957 4182 Erreichung
974 4111 1031 4166 und
1050 4112 1101 4167 den
1119 4112 1211 4168 Bcsitz
1230 4114 1389 4173 dossennus

248 4171 342 4222 zuerst
359 4167 472 4238 begchrt
491 4171 566 4235 wire,
584 4177 688 4295 gesctzt
701 4176 775 4231 wird.
794 4178 909 4250 Madvig
926 4179 1056 4244 bemerlrt,
1075 4181 1137 4236 dass
1157 4182 1293 4236 dasWort
1304 4174 1389 4232 Phicht

248 4253 297 4315 aus
316 4235 363 4290 der
380 4243 469 4292 ersten
487 4240 572 4296 Reihe
609 4243 648 4297 ier
666 4246 822 4315 unpassend
840 4247 1023 4320 hinzugefiigt
1041 4250 1087 4304 sei.
1139 4251 1261 4305 iisdem
1279 4269 1294 4303 a
1311 4244 1388 4318 prin·

248 4305 351 4373 crpiis
369 4307 450 4362 uaml.
468 4309 590 4378 profecti.
787 4311 792 4324 '

509 3967 534 4020 ii
551 3985 684 4022 rursum
702 3975 753 4024 etc.
788 3972 853 4026 Dies
871 3973 909 4027 ist
927 3973 970 4028 dic
988 3979 1012 4026 2.
1031 3975 1116 4029 Rcihe
1134 3975 1181 4030 der
1199 3977 1256 4030 drei
1274 3972 1389 4029 hdchstcu
