2942 4950
243 361 307 425 234
478 355 530 412 ΒΕ
548 356 700 414 FINIBUS
718 357 904 413 BONORUM
921 357 969 414 ΕΤ
987 357 1176 414 ustorum

243 528 416 594 strandum
439 532 502 592 est.
535 525 646 592 Quam
669 527 711 593 ob
734 549 804 593 rem
826 528 993 593 ordiamur
1016 527 1057 593 ab
1081 549 1132 602 eo,
1158 527 1246 614 quod
1268 525 1396 611 primum

243 630 350 716 posui,
375 629 463 716 quod
484 629 573 694 idem
595 651 710 716 reapse
733 631 876 716 primum
900 637 968 709 est,
994 635 1032 694 ut
1054 629 1289 716 intellegamus
1313 649 1396 692 omne

209 788 212 794 .
244 733 366 799 animal
398 755 432 798 se
463 731 574 818 ipsum
607 731 757 817 diligere.
805 733 906 798 Quod
938 755 1136 818 quamquam
1166 731 1396 797 dubitationem

243 860 310 904 non
332 836 435 900 habet
458 874 500 884 -
523 841 574 899 est
597 835 685 902 enim
707 835 846 900 infixum
868 835 903 900 in
917 836 991 922 ipsa
1006 841 1126 900 natura
1141 858 1177 899 oo
1193 835 1396 918 eomprehen-

243 938 334 1004 ditur
356 938 424 1003 suis
449 937 606 1022 ouiusque
632 937 800 1017 sensibus,
834 937 899 1018 sio,
923 945 978 1017 ut,
1013 945 1129 1003 eontra
1152 937 1180 1001 si
1203 936 1278 1022 quis
1301 935 1396 1000 disere

243 1042 341 1122 velit,
373 1064 440 1107 nou
468 1040 621 1106 audiatur
652 1079 710 1120 -,
743 1047 876 1120 tamen,
908 1061 951 1106 ne
983 1039 1062 1124 quid
1093 1038 1395 1126 praetermittamus,

242 1145 388 1211 rationes
412 1164 559 1230 quoque,
586 1165 643 1208 our
665 1145 729 1208 hoo
752 1143 801 1207 ita
823 1142 879 1222 sit,
903 1142 1086 1207 afferendas
1108 1149 1202 1226 puto.
1251 1141 1317 1228 (28)
1335 1141 1397 1204 Etsi

244 1248 300 1332 qui
322 1251 436 1332 potest
458 1245 612 1330 intellegi
635 1251 694 1310 aut
718 1244 859 1331 eogitari
883 1267 955 1310 esse
983 1243 1118 1329 aliquod
1138 1244 1289 1330 animal,
1321 1243 1395 1328 quod

244 1371 278 1414 se
303 1347 432 1416 oderit?
454 1369 507 1412 res
531 1347 618 1411 enim
641 1352 840 1412 oonourreut
862 1347 1056 1411 contrariae.
1102 1346 1191 1410 Nam
1214 1368 1292 1411 oum
1311 1366 1395 1429 appe·

243 1450 326 1514 titus
348 1449 406 1512 ille
430 1448 531 1512 animi
554 1448 679 1534 aliquid
702 1447 744 1512 ed
767 1469 803 1512 se
818 1450 949 1512 trahere
966 1447 1114 1531 eoeperit
1129 1448 1296 1526 consulto,
1321 1446 1395 1530 quod

244 1550 309 1615 sibi
332 1551 442 1630 obsit,¹
457 1550 534 1634 quia
554 1550 599 1614 sit
615 1543 679 1614 sibi
694 1549 858 1628 inimicus,
883 1549 1038 1634 quoniam
1053 1549 1089 1613 id
1105 1572 1164 1614 sua
1180 1570 1281 1614 eausa
1296 1549 1392 1625 laoiet,

244 1657 278 1716 et
309 1651 417 1717 oderit
448 1674 484 1718 se
508 1659 543 1717 et
565 1651 665 1716 simul
688 1651 824 1736 diliget,
858 1651 947 1736 quod
979 1651 1052 1716 fieri
1078 1674 1146 1716 nou
1168 1658 1297 1736 potest.
1338 1650 1393 1714 Ne·

244 1777 401 1840 oesseque
425 1761 487 1833 est,
513 1754 637 1839 siquis
661 1757 731 1840 ipse
755 1754 819 1818 sibi
842 1753 996 1818 inimious
1020 1760 1088 1834 est,
1114 1775 1189 1819 eum
1212 1777 1299 1838 quae
1320 1754 1393 1818 bona

244 1867 323 1922 sunt
346 1858 434 1923 mela
449 1864 580 1942 putare,
605 1859 692 1923 bona
711 1865 827 1922 eontra
849 1879 933 1940 quae
949 1857 1049 1936 mala,
1075 1862 1108 1922 et
1124 1879 1207 1943 quae
1224 1855 1394 1944 appetendo

242 1960 358 2045 fugere
382 1966 416 2024 et
439 1981 523 2044 quae
546 1959 704 2044 fugienda
727 1963 892 2044 appetere,
918 1980 1001 2041 quae
1026 1957 1096 2023 sine
1120 1958 1221 2024 dubio
1247 1959 1332 2024 vitae
1352 1961 1392 2020 est

244 2063 382 2128 eversio.
437 2063 556 2148 Neque
589 2063 693 2142 enim,
725 2062 756 2126 si
788 2084 854 2126 non
886 2061 970 2125 nulli
1002 2061 1230 2146 reperiuntur,
1265 2062 1320 2148 qui
1347 2065 1392 2125 aut

243 2166 379 2251 laqueos
403 2173 461 2230 aut
483 2167 549 2231 alia
565 2167 667 2230 exitia
684 2171 854 2251 quaerant,
879 2171 948 2244 aut,
972 2171 1012 2229 ut
1027 2163 1085 2229 ille
1101 2164 1189 2250 apud
1205 2163 1390 2238 Terentium,

245 2269 301 2352 qui
334 2268 494 2333 ‘decrevit
524 2269 687 2360 tantisper
719 2289 753 2332 se
785 2269 894 2332 minus
923 2265 1061 2332 iniuriae
1090 2290 1150 2332 suo
1173 2274 1255 2332 nato
1278 2263 1390 2340 faoere’,

243 2380 283 2438 ut
298 2373 345 2437 ait
362 2373 444 2458 ipse,
471 2373 562 2438 ‘dum
585 2374 644 2438 fiat
667 2373 787 2452 miser',
811 2372 963 2436 inimious
987 2373 1057 2457 ipse
1080 2371 1144 2436 sibi
1159 2371 1326 2457 putandus
1340 2372 1389 2432 est.

244 2474 310 2560 (29)
335 2475 401 2540 Sed
417 2475 474 2539 elii
489 2475 602 2540 dolore
619 2481 806 2552 moventur,
830 2473 887 2538 alii
903 2473 1097 2560 eupiditate,
1121 2474 1294 2539 iracundia
1308 2470 1392 2536 etiam

243 2577 342 2641 multi
366 2577 563 2655 efferuntur,
597 2581 630 2640 et
658 2599 734 2641 oum
755 2576 791 2639 in
813 2575 900 2640 mala
924 2575 1068 2643 seientes
1091 2575 1240 2655 irruunt,
1274 2582 1391 2639 tunso

244 2679 368 2762 optime
385 2677 448 2741 sibi
465 2679 637 2742 consulere
655 2678 872 2742 arbitrantur.
897 2679 1017 2762 Itaque
1028 2677 1144 2742 dieunt
1154 2699 1215 2742 neo
1232 2677 1389 2742 dubitant:

323 2779 426 2844 Mihi
448 2779 507 2842 sio
531 2788 592 2843 est
614 2802 723 2858 usus,
747 2778 827 2843 tibi
849 2785 893 2843 ut
917 2802 1014 2864 opus
1038 2779 1202 2858 laottst,
1227 2779 1326 2845 face.

244 2881 311 2948 Qui
333 2881 397 2967 ipsi
419 2881 484 2946 sibi
506 2882 633 2946 bellum
655 2881 870 2961 indixissent,
904 2883 1043 2947 eruciari
1074 2883 1165 2958 dies,
1198 2891 1314 2948 nootes
1335 2888 1390 2942 tor·

246 3036 427 3118 strandum
445 3039 504 3090 est.
539 3035 572 3088 de
588 3035 635 3116 off.
652 3037 683 3091 ΙΙ
702 3039 795 3118 reta
813 3035 860 3118 sed
878 3036 1008 3118 expositis
1027 3037 1244 3094 adulesoentium
1263 3035 1350 3092 offitiis
1365 3058 1389 3069 -

244 3106 368 3228 demoeps
387 3105 420 3227 dl
437 3104 666 3228 benffiliilffig
680 3103 908 3230 dpnlrbeorahpptp)
915 3105 1073 3230 :preputium
1098 3098 1390 3230 {stifSleylllprtStprlllfg}1

243 3175 291 3307 idi:
309 3175 388 3298 dicht
404 3213 553 3298 beuweifelt
570 3193 785 3298 werdennkandl.
803 3194 837 3296 de
854 3193 900 3298 olr.
917 3243 963 3298 III
980 3192 1090 3307 {utlmdne
1108 3193 1163 3314 qil
1180 3192 1389 3313 dltdlrliuirrwotest

243 3313 342 3368 habere
359 3310 569 3374 dubitationem,
588 3309 807 3368 adhibendumne
825 3311 908 3366 fuerit
926 3311 977 3366 hoo
995 3329 1080 3382 genus
1101 3343 1133 3354 -
1150 3312 1268 3368 alterum
1285 3261 1389 3366 dupbitau

243 3451 299 3574 ddi
310 3466 674 3600 Asyndbgododdpblaetiddlm
692 3517 750 3572 hier
758 3488 837 3600 'ganz
855 3516 1011 3598 unpessend
1028 3491 1102 3599 bein.
1137 3492 1195 3574 vo’r
1212 3538 1226 3574 o
1243 3517 1326 3573 findet
1342 3508 1388 3566 sloh

244 3605 276 3712 go
289 3587 401 3710 4¹1¹}ss
403 3587 562 3710 mulio}
582 3591 613 3640 17
641 3605 672 3640 ao
699 3589 850 3641 contineret
877 3585 934 3642 und
960 3587 1056 3658 Rersrg
1081 3587 1129 3642 let.
1148 3577 1388 3659 Spraohwissensoh·

243 3721 1332 3874 ont}nesterotissteritemsolomitis
1348 3714 1387 3854 ll

244 3860 348 3915 meoht.
383 3861 479 3943 Indess
498 3859 740 3942 sohemtderselbe
757 3860 831 3941 doeh·
844 3860 936 3915 mehts
954 3860 994 3915 als
1012 3879 1055 3915 em
1074 3879 1103 3914 m
1122 3860 1174 3916 don
1201 3862 1269 3916 Text
1294 3855 1386 3929 galson-

244 3947 335 3984 menes
353 3928 512 4009 Anhangsel
527 3948 565 4010 φα
582 3947 647 3992 sem,
665 3929 777 3985 welohes
795 3932 848 3986 m1t
865 3929 925 4011 dem
938 3929 1040 3986 Beweis
1057 3948 1112 3984 von
1130 3928 1177 3985 der
1189 3917 1386 4036 Selbstliebealp

245 3995 1038 4149 ttberthehelleltltttbtsshhtlhll.
1054 3998 1126 4133 ill,11
1132 3998 1202 4123 pa.
1237 3997 1385 4121 thret

244 4133 679 4287 berehttold&
696 4135 908 4259 illidet?
925 4141 978 4192 mn
994 4137 1088 4208 BQ
1106 4136 1157 4192 ”ff
1171 4135 1224 4191 ⁶⁰¹¹
1241 4152 1290 4282 ²¹¹⁵·
1305 4131 1377 4278 Ψ

244 4345 296 4417 es.
314 4271 767 4406 ²ltelr⁰tlltltlllllt
779 4267 1384 4413 W⁰bhltlt⁰23t⁰rllnmllll?
