3024 4938
527 1112 814 1213 umrmmm.

587 1303 758 1312 Μ.-

160 1419 192 1483 Ι.
211 1417 249 1504 (l)
265 1419 343 1482 Non
359 1439 446 1482 eram
462 1417 604 1496 nescius,
621 1419 736 1496 Brute,
755 1439 839 1495 cum,
858 1438 941 1500 quae
957 1419 1094 1482 summis
1110 1419 1251 1503 ingeniis

84 1521 319 1606 exquisitaque
332 1521 483 1585 doctrina
498 1521 690 1605 philosophi
700 1521 827 1584 Gracco
843 1541 992 1584 sermone
1002 1522 1249 1600 tractavissent,

12 1611 13 1614 Ἴ
85 1648 126 1689 ea
151 1623 281 1687 Latinis
300 1622 424 1686 litteris
452 1622 699 1700 mandaremus,
730 1621 800 1686 fore
828 1628 865 1686 ut
888 1621 942 1686 hic
965 1629 1078 1686 noster
1101 1624 1196 1688 labor
1217 1625 1251 1688 in

12 1793 13 1796 Ἴ
86 1726 198 1789 varias
221 1725 492 1808 reprehensiones
508 1725 705 1800 incurrerct3
731 1747 806 1787 nam
823 1723 1031 1809 quibusdem,
1061 1726 1156 1789 otiis
1180 1728 1251 1811 qui·

87 1828 166 1890 dem
183 1849 248 1890 non
266 1825 443 1890 admodum
459 1826 615 1904 indoctis,
636 1833 747 1890 totum
763 1827 826 1888 hoc
842 1825 997 1910 displicet
1012 1826 1249 1910 philosophari.

88 1930 236 1993 Quidam
253 1937 363 1992 autem
380 1951 447 1992 non
462 1935 532 1992 tam
547 1928 581 1991 id
597 1928 860 2012 reprehendunt,
885 1928 913 1991 si
929 1928 1097 1992 remissius
1120 1936 1250 2013 agatur,

88 2033 151 2097 scd
174 2038 307 2094 tantum
336 2031 485 2095 studium
513 2038 648 2115 tamque
677 2032 818 2096 multam
847 2053 978 2114 operam
1008 2031 1195 2116 ponendam
1218 2033 1250 2096 in

304 2238 330 2304 Ι.
368 2237 529 2304 Zuschrift
551 2254 593 2302 an
614 2236 653 2302 Μ.
669 2237 799 2302 Brutus.
845 2236 919 2320 (lap.
942 2239 1030 2302 1—4.

162 2371 218 2426 Cic.
237 2371 317 2426 sucht
338 2371 413 2426 scine
424 2370 548 2434 Absicht,
567 2370 786 2441 diegriechische
797 2369 972 2441 Philosophie
990 2369 1076 2424 durch
1094 2370 1251 2426 lateinischo

90 2440 279 2510 Bearbeitung
302 2443 391 2510 augin
412 2439 466 2494 lich
490 2459 525 2493 zu
542 2439 670 2502 macheu,
697 2457 783 2520 gagen
809 2438 905 2509 disjen'
928 2457 961 2494 en
987 2458 1020 2494 zu
1046 2439 1250 2510 rcohtfertigen,

90 2508 190 2562 welche
202 2509 260 2562 ihm
272 2508 384 2562 deshalb
392 2460 537 2563 lorwt’nfe
550 2508 683 2562 machtcn.
708 2509 788 2563 Drese
801 2508 913 2563 Vorwiir
925 2508 1047 2578 cgingcn
1055 2509 1189 2564 zunlichst
1197 2528 1251 2565 von

94 2576 204 2632 solchen
223 2595 287 2640 aus,
305 2577 403 2632 welche
421 2577 470 2630 das
488 2575 618 2631 Studium
644 2576 691 2630 der
708 2576 883 2647 Philosophie
909 2576 1064 2632 iiberhaut
1096 2579 1250 2633 vcrwarfen.

92 2646 176 2700 Diese
202 2645 279 2700 hatte
305 2645 361 2700 Cic.
388 2645 487 2700 bereits
505 2645 535 2699 in
562 2645 662 2698 seiucm
680 2645 847 2699 Hortensius
869 2645 1012 2715 belrimpft
1029 2597 1055 2712 il
1074 2649 1110 2712 2).
1145 2647 1252 2702 Andcre

90 2714 240 2768 vcrwarfon
257 2732 329 2768 zwar
356 2713 399 2768 die
417 2713 592 2784 Philosophie
615 2712 692 2768 nicht
709 2713 848 2784 ganzlich,
875 2713 1005 2836 {laubteu
1032 2713 1097 2769 aber
1115 2714 1251 2769 desselben

91 2783 170 2836 nicht
197 2782 283 2836 zuviel
309 2782 395 2837 Miihc
421 2782 478 2836 und
501 2780 598 2836 Arboit
623 2780 740 2836 widmen
766 2801 800 2836 zu
826 2782 878 2837 diir
891 2801 931 2836 en.
966 2781 1060 2852 Gcgen
1077 2783 1149 2838 disse
1166 2785 1252 2839 meint

92 2852 148 2905 Cic.
167 2851 205 2905 sei
223 2869 250 2904 es
268 2851 352 2905 kaurn
370 2850 470 2921 ubthig
487 2869 522 2905 zu
540 2850 653 2905 streiten
673 2852 697 2917 (ᾖ
717 2855 740 2904 2.
755 2853 790 2916 3).
825 2850 932 2905 Ardere
958 2851 1047 2922 geben
1066 2851 1116 2906 den
1133 2852 1252 2907 Werken

112 2918 273 2974 riechischer
291 2919 474 2990 Philosophen
501 2919 552 2973 den
582 2919 670 2973 Vorzu
715 2919 772 2973 und
798 2919 1007 2974 vcrsohm'dhtcn
1033 2919 1076 2974 die
1093 2920 1252 2975 lateinischc

65 3031 69 3038 .
91 2940 296 3057 ilebcrsetzung
313 2989 339 3054 (ξ
358 2991 463 3054 4-10).
498 2986 606 3042 Ardere
633 2937 739 3042 cuilich
756 2987 889 3052 meinten,
910 3006 938 3042 es
956 2991 1047 3042 vertra
1067 3006 1080 3041 c
1099 2988 1156 3042 sich
1174 2989 1252 3044 nicht

95 3056 146 3110 mit
164 3057 211 3110 der
231 3055 332 3110 Wurdo
359 3056 430 3111 eines
456 3055 611 3111 romischen
638 3056 845 3110 Staatsmanncs
870 3056 1089 3137 philosophisce
1115 3057 1253 3112 Schriften

92 3124 252 3179 abzufassen
270 3127 296 3190 (fi
316 3127 356 3178 11.
377 3128 428 3192 12).
464 3124 519 3178 Oic.
546 3123 681 3189 bemerkt‚
709 3125 752 3179 die
778 3124 960 3195 Wichtrglrcit
983 3124 1029 3179 des
1047 3124 1253 3196 Gegenstsndes

94 3193 177 3246 selbst
194 3193 251 3262 lege
268 3193 328 3246 ihm
346 3193 405 3248 eine
423 3193 631 3264 Verpllichtung
649 3193 709 3256 auf,
737 3193 796 3246 sich
823 3193 914 3246 seincn
937 3193 1112 3262 Mitbiirgern
1130 3195 1252 3248 niitzlich

94 3280 130 3316 zu
148 3262 267 3325 macheu,
287 3261 322 3314 da
354 3261 433 3316 erade
451 3260 494 3316 die
506 3260 720 3330 Untersuchung
737 3261 805 3314 iiber
823 3258 872 3314 das
881 3260 996 3314 hochste
1008 3260 1074 3322 Gut,
1093 3261 1251 3315 dicGrund-

94 3330 120 3382 la
141 3346 155 3382 e
173 3329 227 3383 und
244 3330 297 3383 den
347 3330 494 3401 ittclpunct
512 3331 559 3386 der
576 3329 675 3394 uthik,
703 3347 738 3383 zu
764 3328 816 3382 don
843 3328 1017 3398 wichtigsten
1043 3328 1187 3398 Aufgaben
1206 3328 1253 3382 der

91 3347 267 3469 Philosophie
285 3399 393 3468 gehbre.
980 3465 986 3476 Ι
1137 3464 1163 3478 ..

161 3467 189 3520 l·
213 3467 242 3520 N
248 3485 289 3520 on
301 3485 392 3521 cram
404 3466 552 3521 nescius:
573 3467 597 3519 V
611 3471 650 3531 19,
664 3470 694 3519 bl
708 3483 756 3520 nec
768 3484 830 3521 vero
844 3484 904 3520 sum
916 3482 1022 3519 nescrus
1034 3482 1091 3519 csso
1103 3465 1252 3522 utilitatem

93 3535 121 3588 in
138 3534 268 3599 historia,
288 3554 343 3589 non
361 3536 441 3590 modo
459 3537 635 3606 voluptatem.
663 3535 782 3588 decrat.
809 3535 884 3597 Ill,
911 3538 944 3587 45
983 3533 1048 3588 Non
1066 3552 1135 3597 sum,
1153 3534 1252 3606 inquit,
1341 3589 1344 3596 ,

97 3604 211 3668 nescius,
229 3604 366 3667 Scaevola,
383 3604 438 3659 ista
455 3603 529 3658 inter
546 3603 662 3658 Graecos
682 3602 735 3657 dici
759 3607 785 3656 et
804 3603 949 3673 disceptari
974 3603 1064 3656 solere:
1083 3621 1121 3656 or.
1139 3622 1165 3673 p.
1179 3604 1252 3658 Sulla

93 3677 121 3751 ,9,
140 3676 173 3725 28
191 3689 274 3742 quaro
292 3691 347 3726 non
365 3691 425 3726 sum
444 3672 559 3752 nescius,
579 3676 682 3743 quanto
700 3671 818 3752 periculo
834 3673 926 3753 vivam
938 3672 967 3726 in
979 3674 1058 3752 tanta
1076 3672 1253 3753 multitudine

90 3739 583 3881 lbpbllbbrilaiisbanltisisiririssingeliiiis
601 3739 1254 3889 110111ῗυῖ1811]ἓξῗέἔθιιηιιξὴὶᾏέἶῗιξῑξῗιιοιιιΙιΙ

92 3878 463 3948 nestantaqueauctoritatc.
485 3879 519 3932 in
535 3895 652 3931 varias
671 3895 705 3930 ro
733 3876 956 3932 rehensrones
976 3878 1253 3933 incurreret‘sich

92 3947 313 4016 mannigfachem
323 3946 575 4002 Tedelaussetzen'.
601 3945 716 4001 Aehnlio
753 3946 895 4010 1131,103
913 3947 942 4001 in
961 3949 1092 4016 quantam
1110 3947 1253 4001 hominum

89 4015 242 4070 facetorum
255 4015 442 4070 urbanitatem
459 4015 613 4078 incurratis,
632 4034 687 4069 non
704 4014 772 4068 dico.
826 4033 891 4068 non
909 4020 978 4068 tam
995 4014 1254 4084 reprehendunt

93 4113 123 4121 -
143 4083 208 4136 sed.
245 4084 313 4137 Man
330 4086 457 4139 erwartct
473 4083 603 4138 vielmehr
625 4102 680 4138 nou
698 4083 769 4137 ‘tam
786 4083 815 4137 id
834 4083 933 4154 (ipsam
951 4087 1020 4150 rem)
1044 4082 1253 4153 reprehendunt,

89 4170 174 4221 quam
212 4153 329 4206 nimium
370 4151 502 4207 studium.
542 4153 596 4221 vgl.
631 4152 710 4207 Brut.
750 4156 795 4215 15,
831 4156 864 4204 58
902 4170 971 4220 quae
1013 4151 1262 4222 (suaviloquentia)'

92 4238 164 4274 nuno
193 4219 305 4292 quidem
323 4239 377 4275 non
406 4225 465 4275 tam
483 4224 525 4274 ost
542 4221 571 4275 in
588 4219 670 4291 pleris
690 4238 737 4284 ue;
763 4220 868 4274 latrant
891 4219 963 4274 enim
989 4220 1045 4274 iam
1069 4219 1179 4289 quidem
1197 4238 1256 4276 ora-

88 4293 176 4352 tores,
203 4308 260 4344 non
286 4289 447 4360 loquuntur,
480 4289 527 4343 sed
551 4291 592 4343 est
616 4307 647 4343 ea
672 4238 735 4343 isus
762 4287 929 4359 eloquentiae
961 4291 1032 4344 certe
1064 4289 1190 4342 maxima.

128 4375 284 4426 Rolstcin,
298 4375 346 4415 Oto.
361 4376 388 4416 ds
402 4376 440 4416 flu.
1024 4379 1037 4426 1
