2974 4950
264 307 326 372 242
469 279 471 286 ¹
499 306 551 360 DE
570 303 720 360 FINIBUS
740 304 924 361 BONORUM
942 305 990 358 ΕΤ
1008 303 1194 358 MALORUM

185 475 186 478 '
262 477 375 561 vigere
399 482 432 541 et
455 496 635 540 senescere.
682 475 733 538 Ex
761 499 824 560 quo
852 498 919 540 non
947 480 998 540 est
1021 474 1178 552 alienum,
1211 481 1249 538 ut
1271 475 1401 539 animen-

262 581 364 658 tibus,
389 579 437 644 sic
459 579 524 643 illis
548 585 581 642 et
605 584 681 661 apte
704 579 864 662 quaedam
888 580 929 644 ed
950 585 1103 643 naturam
1118 586 1233 662 putare
1250 585 1283 642 et
1298 578 1399 655 aliena,

263 703 438 766 earumque
462 681 686 766 augendarum
709 688 743 744 et
760 682 950 746 alendarum
966 681 1130 765 quandam
1146 681 1316 746 cultricem
1329 703 1400 755 esse,

264 807 347 869 quae
371 783 416 848 sit
438 783 577 848 scientia
600 789 699 866 atque
723 807 774 848 ars
807 785 1042 869 agricolarum,
1076 805 1160 866 quae
1192 782 1400 862 circumcidet,

262 892 423 971 amputet,
449 885 566 968 erigat,
592 884 743 964 extollat,
769 885 993 963 adminiculet,
1019 891 1067 963 ut,
1093 907 1157 968 qno
1181 889 1297 950 natiue
1317 886 1399 963 ferat,

263 1013 301 1054 eo
324 989 453 1072 possint
474 987 537 1065 ire,
571 995 610 1050 ut
631 986 721 1071 ipsae
744 987 845 1066 vites,
871 988 899 1050 si
922 985 1013 1071 loqui
1035 986 1181 1071 possint,
1205 987 1254 1051 ita
1276 1009 1309 1051 se
1331 993 1400 1052 trac·

261 1093 380 1157 tendas
402 1090 608 1172 tuendasque
632 1110 704 1154 esse
733 1089 912 1154 fateantur.
959 1090 1005 1153 Et
1032 1110 1120 1153 nunc
1149 1089 1297 1174 quidem,
1328 1089 1401 1172 quod

263 1215 334 1257 eem
357 1197 480 1270 tuetur,
504 1200 543 1255 ut
563 1191 603 1255 do
620 1192 686 1256 vite
703 1193 910 1275 potissimum
926 1193 1052 1276 loquar,
1078 1199 1129 1256 est
1144 1191 1179 1256 id
1196 1193 1385 1257 extrinsecus
1391 1216 1399 1265 ;

262 1295 297 1359 in
319 1295 389 1378 ipea
412 1293 499 1357 enim
521 1313 635 1376 parum
665 1316 785 1378 magne
813 1294 862 1359 vis
894 1293 996 1373 inest,
1029 1303 1067 1358 ut
1099 1317 1197 1378 quam
1229 1295 1344 1378 optime
1371 1313 1400 1355 se

263 1398 384 1462 habere
406 1395 528 1479 possit,
554 1395 581 1458 si
603 1396 695 1460 nulla
719 1397 849 1460 cultura
872 1397 1079 1461 adhibeatur.
1127 1396 1196 1481 (40)
1221 1403 1270 1461 At
1290 1419 1359 1461 vero
1379 1396 1400 1458 si

263 1501 305 1563 ed
327 1498 432 1562 vitem
459 1519 574 1562 sensus
604 1497 797 1577 accesserit,
830 1503 869 1562 ut
895 1499 1079 1585 appetitum
1108 1501 1272 1582 quendam
1298 1501 1399 1564 hebeat

263 1591 297 1668 et
320 1623 377 1686 per
400 1623 434 1664 se
457 1601 529 1684 ipsa
550 1607 731 1679 moveatur,
758 1600 836 1684 quid
859 1600 1022 1665 facturam
1050 1607 1168 1685 putas?
1197 1627 1240 1668 an
1263 1625 1309 1682 ea,
1333 1622 1398 1685 quae

261 1727 320 1790 per
350 1703 524 1769 vinitorem
555 1707 652 1768 antea
684 1705 962 1787 consequebatur,
1001 1726 1058 1789 per
1096 1728 1131 1770 se
1163 1707 1235 1792 ipsa
1271 1704 1398 1770 curabit?

264 1807 328 1872 Sed
350 1806 485 1870 videsne
509 1827 714 1869 accessuram
743 1806 773 1869 ei
802 1828 926 1887 euram,
961 1810 998 1870 ut
1029 1829 1144 1872 sensus
1179 1830 1308 1893 quoque
1337 1829 1398 1870 suos

263 1931 441 1994 eorumque
479 1930 610 1972 omnem
646 1907 832 1992 appetitum
868 1919 903 1973 et
939 1909 966 1973 si
1002 1932 1066 1994 qua
1102 1910 1170 1974 sint
1202 1911 1350 1976 adiuncta
1374 1906 1397 1970 ei

263 2013 409 2077 membre
431 2015 584 2078 tueatur?
629 2010 683 2074 Sic
706 2010 748 2074 ad
770 2010 845 2089 illa,
880 2033 962 2094 quae
986 2032 1114 2097 semper
1137 2013 1272 2092 habuit,
1301 2013 1397 2094 iunget

263 2137 316 2194 ea,
355 2137 436 2198 quae
469 2121 586 2198 postea
617 2111 833 2190 accesserint,
872 2135 932 2178 nec
965 2115 1106 2179 eundem
1137 2116 1239 2180 finem
1270 2111 1395 2188 habebit,

263 2239 360 2301 quem
377 2217 484 2280 cultor
501 2216 569 2280 eius
586 2217 742 2295 habebat,
767 2216 826 2278 sed
847 2218 940 2281 volet
956 2219 1136 2282 secundum
1161 2240 1233 2282 eam
1256 2225 1397 2290 naturam,

263 2343 345 2404 quae
367 2327 484 2404 postea
506 2319 536 2383 ei
558 2319 714 2384 adiuncta
737 2325 799 2398 est,
824 2319 944 2383 vivere.
991 2321 1046 2385 Ita
1069 2322 1185 2386 similis
1210 2323 1272 2388 erit
1294 2322 1321 2386 ei
1338 2317 1398 2382 finis

261 2423 357 2503 boni,
400 2429 499 2506 etque
534 2429 633 2486 antea
660 2422 784 2501 fueret,
826 2444 932 2506 neque
960 2423 1048 2488 idem
1075 2431 1203 2488 tamen:
1239 2421 1396 2489 nonenim

258 2526 326 2590 iam
358 2525 468 2608 stirpis
500 2525 624 2589 bonum
656 2532 810 2608 quaeret,
849 2525 908 2589 sed
935 2526 1097 2591 animalis.
1145 2527 1256 2596 Quid?
1287 2527 1313 2591 si
1345 2543 1396 2587 non

262 2650 377 2692 sensus
406 2628 503 2693 modo
536 2629 565 2692 ei
598 2629 695 2692 datus
727 2629 787 2705 sit,
821 2649 934 2692 verum
966 2630 1067 2694 etiem
1098 2631 1227 2695 enimus
1259 2626 1397 2695 hominis:

260 2754 328 2796 non
350 2752 485 2794 necesse
509 2736 560 2794 est
582 2738 617 2795 et
638 2731 697 2794 ille
719 2729 859 2814 pristina
882 2753 1029 2812 manere,
1061 2740 1100 2797 ut
1121 2735 1248 2798 tuenda
1270 2734 1343 2809 sint,
1371 2732 1398 2790 ct

261 2834 343 2896 haec
366 2832 472 2895 multo
498 2853 570 2895 esse
587 2831 719 2910 cariora,
746 2852 828 2914 quae
845 2833 1064 2912 accesserint,
1080 2833 1245 2917 animique
1262 2832 1396 2919 optimam

262 2955 424 3018 quemque
447 2935 583 3020 {partem
613 2933 828 3013 carissimam,
862 2934 896 2998 in
928 2957 1030 3019 eaque
1062 2936 1252 3021 expletione
1283 2941 1397 3000 naturae

261 3121 439 3194 Gegenstand
458 3121 542 3178 selbst
560 3126 682 3194 genennt
699 3121 774 3187 wind,
793 3141 814 3178 s.
833 3124 933 3195 Zumpt
952 3127 965 3189 ἓ
986 3129 1042 3179 167.
1104 3126 1215 3181 aliena
1234 3125 1313 3180 ntml.
1331 3120 1359 3176 ab
1374 3133 1396 3170 ec

263 3194 392 3258 (natura).
497 3209 552 3244 ars
571 3191 804 3262 agricolarum
823 3211 910 3262 quae
928 3193 1172 3259 circumcidet,
1191 3194 1343 3261 amputet
1358 3189 1394 3240 eb·

260 3259 365 3315 desen.
385 3259 568 3323 15,52Vitis
603 3259 711 3324 uidem,
738 3279 807 3330 quae
824 3265 924 3316 nature
942 3262 1043 3317 caduce
1061 3266 1102 3318 est
1120 3268 1163 3328 ot,
1191 3263 1246 3318 nisi
1272 3261 1336 3316 fulta
1358 3255 1394 3310 ess

262 3328 349 3410 fertur
367 3329 401 3383 ad
419 3331 528 3393 terrem,
548 3279 648 3409 eadem,
666 3332 699 3382 ut
717 3347 745 3384 se
763 3330 859 3400 erigat,
878 3331 1014 3385 claviculis
1033 3331 1088 3385 suis
1108 3333 1187 3413 quasi
1204 3321 1396 3403 manibusqujd·

280 3397 329 3453 uid
347 3401 388 3452 est
405 3400 486 3450 necta
504 3397 706 3468 complectrtnre
733 3417 815 3468 quem
833 3403 983 3470 serpentem
1001 3400 1145 3470 multiplici
1162 3401 1241 3472 lapsu
1258 3403 1285 3454 et
1301 3397 1396 3451 eneae

260 3415 329 3520 demo
347 3469 499 3547 amputans·
510 3469 613 3520 coercet
631 3485 674 3520 ers
692 3467 879 3548 agricqlarum,
898 3486 937 3548 ne¹
950 3467 1074 3549 silvescat
1092 3470 1237 3524 sarmentis
1250 3472 1281 3550 1θὴ
1304 3467 1330 3520 in
1353 3477 1395 3514 0111·

258 3535 706 3684 lll›?“tt..¹f”r¹t³2t¹¹ttte
724 3536 1397 3674 ...itttttttttllltttlssllllittt

261 3672 415 3727 animorum
432 3672 506 3726 salus
525 3671 629 3727 inclusa
646 3691 676 3725 111
693 3673 759 3743 ipsis
778 3676 827 3727 est.
1357 3733 1362 3744 ι

328 3739 380 3794 40.
417 3741 499 3810 quid
518 3741 689 3795 facturam
706 3744 825 3811 putas?
861 3761 880 3795 s.
899 3761 934 3795 zu
952 3759 973 3795 o.
995 3746 1033 3805 ll,
1053 3747 1083 3796 31
1104 3743 1241 3798 minamur
1258 3735 1394 3812 praecipita·

260 3811 345 3862 turos.
450 3828 491 3862 an
509 3827 545 3863 ea
564 3840 595 3850 -
614 3809 768 3864 curabit?
787 3815 823 3863 ‘er
840 3809 908 3866 wird
926 3810 996 3865 doch
1013 3811 1092 3874 wohl,
1110 3831 1165 3867 was
1184 3830 1212 3866 er
1229 3826 1309 3866 suvor
1325 3797 1394 3857 durch

260 3876 314 3930 den
330 3877 440 3957 Wineer
458 3877 587 3947 erlengte,
606 3877 691 3932 durch
710 3879 767 3932 sich
785 3879 870 3934 selbst
887 3879 1042 3950 bescrgenl’
1061 3881 1116 3935 Der
1134 3884 1223 3935 ersten
1240 3871 1395 3949 ellgsmeinen

259 3946 314 3999 Fra
335 3963 348 3998 e
366 3945 432 4014 qnid
450 3944 586 4000 facturam
603 3951 701 4017 putas?
719 3947 789 4016 folgt
808 3948 866 4002 eine
883 3947 983 4012 zweite,
1002 3948 1032 4001 in
1049 3949 1162 4006 welches
1180 3949 1223 4004 die
1240 3944 1359 4006 Antwort
1373 3952 1395 3987 m

261 4014 308 4068 der
315 3963 408 4071 ἕἙόιιιι
426 4013 474 4068 der
491 4014 706 4087 Muthmesaung
723 4017 775 4070 mit
794 4035 829 4070 en
847 4015 925 4071 ‘doch
937 4016 1015 4072 wohl’
1034 4018 1190 4088 anticipiert
1207 4015 1280 4072 wird.
1299 4003 1396 4088 Seyffert

260 4082 348 4137 Schol.
366 4082 413 4137 lat.
430 4083 447 4136 I
466 4083 492 4136 S.
513 4087 569 4136 119.
655 4103 722 4139 non
740 4103 877 4139 necesse
895 4089 955 4140 est.
991 4086 1046 4140 Mit
1064 4086 1154 4141 diesen
1173 4087 1282 4140 Wortcn
1300 4072 1395 4198 bcqfflssl

260 4151 307 4207 der
324 4152 470 4206 Nechsetz.
498 4151 562 4205 Non
580 4151 656 4207 steht
672 4153 871 4208 unbedenklich
888 4154 933 4209 fiir
951 4172 1047 4218 nonno,
1067 4155 1116 4212 wie
1134 4175 1172 4210 or.
1190 4156 1219 4210 in
1236 4153 1307 4208 Verr.
1362 4143 1394 4198 33,

260 4224 294 4272 84
322 4219 413 4286 Quid?
441 4220 466 4273 si
483 4219 582 4275 harum
600 4221 745 4276 civitatum
763 4222 896 4277 militibus
914 4222 1066 4278 Cleomenes
1090 4225 1181 4279 iussus
1208 4226 1248 4278 est
1271 4221 1394 4288 imperare

260 4306 315 4343 non
333 4290 421 4344 omnis
438 4289 526 4344 honos
544 4289 578 4344 eb
601 4289 655 4362 isto
683 4291 843 4361 dignitatis,
871 4292 1018 4362 aequitatis
1045 4293 1178 4364 officiique
1204 4291 1321 4348 sublatus
1344 4275 1395 4335 etl?
