3020 4948
227 405 268 467 64
458 400 509 455 ΒΕ
527 399 680 454 amcos
698 397 885 454 Bonosum
902 399 949 453 ET
967 397 1158 454 MALORUM

226 575 261 637 Is
283 575 366 640 haec
389 572 551 656 loquitur,
581 571 637 655 qui
663 570 696 634 in
719 569 893 653 voluptate
920 568 1003 633 nihil
1032 591 1156 653 ponens
1185 575 1287 652 ηεξατ
1313 589 1392 632 eum
1502 569 1503 572 ’

225 678 310 741 bene
338 697 470 754 cenare,
502 674 559 760 qui
581 671 691 739 omnia
718 679 821 758 ponat
848 672 883 736 in
905 673 1094 756 voluptate,
1127 677 1296 736 ettamen
1322 693 1393 735 ηοη
1502 673 1503 712 l

226 787 329 866 negat
366 779 510 844 libenter
546 799 692 860 unquam
731 798 866 840 cenasse
897 776 1088 839 Gallonium
1120 814 1162 823 -
1194 773 1394 840 mentiretur

227 883 314 947 enim
336 920 390 961 -‚
416 881 474 946 sed
500 882 598 945 bene.
647 879 701 942 Ita
728 879 875 962 graviter
906 883 940 942 et
967 899 1080 943 severe
1108 879 1313 962 voluptatem
1338 897 1393 940 se·
1503 955 1504 976 Χ

227 985 333 1050 cernit
355 1007 375 1049 a
398 985 496 1050 bono.
543 983 595 1046 le
618 1004 682 1064 quo
706 979 790 1044 illud
812 980 962 1060 efficitur,
987 980 1043 1064 qui
1064 980 1148 1044 bene
1164 987 1294 1058 cenent,
1320 1001 1393 1042 om·
1503 977 1504 1046 l

225 1109 284 1151 nes
299 1087 443 1151 libenter
460 1106 587 1163 cenare,
613 1083 670 1168 qui
684 1083 838 1162 libenter,
863 1105 930 1147 non
947 1082 1104 1148 continuo
1124 1083 1219 1147 bene.
1253 1084 1394 1166 Semper

226 1188 361 1254 Laelius
384 1189 480 1253 bene.
510 1184 574 1270 (25)
600 1185 690 1251 Quid
712 1185 817 1250 bene?
861 1185 962 1250 Dicet
985 1184 1150 1248 Lucilius:

743 1296 874 1366 cocto,

314 1391 501 1470 Condito,

227 1496 286 1572 sed
310 1496 390 1560 cedo
415 1503 515 1578 caput
538 1515 653 1558 cenae:

526 1617 704 1661 sermone
728 1596 845 1674 bono,

227 1699 305 1784 quid
330 1701 453 1764 exeo?

873 1802 905 1865 si
929 1800 1087 1885 quaeri',
1112 1800 1303 1864 libenter:

227 1906 382 1971 veniebat
406 1905 492 1970 enim
516 1903 557 1970 ad
582 1925 712 1986 cenam,
739 1910 778 1969 ut
801 1905 909 1968 animo
933 1903 1045 1989 quieto
1070 1903 1207 1968 satiaret
1230 1903 1394 1968 desideria

227 2015 376 2073 naturae.
423 2009 526 2071 Recte
551 2029 629 2091 ergo
653 2005 681 2071 is
705 2012 809 2090 negat
833 2027 978 2090 unquam
1005 2005 1090 2070 bene
1119 2027 1253 2070 cenasse
1277 2005 1388 2070 Gallo·

175 2109 177 2116 ’
227 2113 334 2190 nium,
364 2115 453 2175 recte
476 2110 650 2190 miserum,
680 2133 755 2175 oum
782 2111 976 2196 praesertim
1002 2110 1036 2174 iu
1061 2131 1098 2174 eo
1123 2131 1218 2174 omne
1244 2109 1390 2174 studium

228 2224 453 2281 consumeret:
478 2236 575 2298 quem
597 2213 741 2280 libenter
764 2236 899 2278 cenasse
922 2235 1019 2278 nemo
1042 2220 1156 2297 ηεξατ.
1203 2214 1270 2306 Cur
1289 2213 1395 2298 igitur

227 2342 295 2384 ηοη
316 2321 422 2386 bene?
467 2319 554 2382 Quia
578 2318 665 2401 quod
694 2318 791 2396 bene,
818 2317 853 2382 id
880 2325 985 2396 recte,
1016 2316 1205 2401 frugaliter,
1236 2320 1391 2381 honeste:
1507 2381 1508 2400 ἶ

226 2421 283 2486 ille
306 2443 402 2506 porro
422 2442 533 2504 prave,
558 2419 722 2504 nequiter,
746 2418 890 2504 turpiter
913 2420 1054 2484 cenabat
1061 2445 1070 2495 ;
1096 2441 1162 2483 ηοη
1185 2419 1287 2520 igitur
1302 2418 1387 2481 bear.

226 2525 298 2589 Nec
321 2524 450 2608 lapathi
473 2523 671 2587 suavitatem
694 2523 876 2606 acipenseri
900 2523 1045 2588 Gallonii
1061 2523 1195 2587 Laelius
1210 2529 1391 2606 antepone-

226 2630 297 2701 bat,
322 2626 380 2690 sed
392 2625 591 2689 suavitatem
601 2625 708 2709 ipsam
717 2625 937 2709 neglegebat:
963 2627 1052 2708 quod
1067 2649 1134 2690 non
1150 2625 1285 2703 faceret,
1311 2625 1340 2688 si
1356 2624 1391 2688 in

227 2729 400 2814 voluptate
425 2750 589 2792 summum
610 2729 735 2792 bonum
758 2735 906 2812 poneret.
938 2728 1002 2792 IX.
1028 2729 1234 2794 Semovenda
1257 2733 1309 2792 est
1327 2727 1392 2812 igi-

228 2950 389 3020 (acipenser)
415 2949 467 3002 auf
482 2948 554 3002 scine
572 2949 655 3003 Tafel
691 2949 759 3004 Hor.
778 2953 830 3004 sat.
849 2949 920 3012 112,
938 2953 981 3003 47.
1085 2949 1236 3004 secernit
1252 2968 1295 3004 em
1314 2949 1393 3004 fiehlt

227 3018 376 3098 sichnaph
394 3017 698 3140 densoraugehenden·
709 3017 854 3100 Praetutia
868 3017 995 3098 'loquitur
1012 3016 1069 3071 und
1087 3038 1105 3072 n
1139 3023 1169 3099 at
1187 3019 1265 3073 mehr
1288 3038 1303 3072 a
1350 3037 1391 3072 se

228 3091 320 3142 crevit.
356 3087 436 3141 Auoh
453 3090 492 3140 ist
509 3105 553 3141 nro
575 3090 658 3141 tvon
676 3105 749 3141 emer
767 3086 930 3158 emmahgen
947 3085 1100 3158 Handlung
1140 3105 1164 3141 re
1181 3087 1263 3143 Reda.

297 3155 348 3210 at.
385 3159 478 3210 cocto
497 3158 547 3210 eto.
584 3155 647 3226 Vgl.
666 3156 701 3210 ad
718 3157 779 3210 Att.
797 3155 870 3210 XIII
888 3160 930 3219 52,
951 3162 963 3209 l
983 3154 1105 3222 (Caesar)
1124 3159 1152 3211 et
1178 3156 1236 3212 edit
1261 3159 1287 3211 et
1314 3153 1389 3210 bibit
1417 3197 1419 3200 .
1502 3147 1503 3150 ¹

229 3224 322 3288 ἀδεῶς
340 3228 367 3279 ετ
384 3224 516 3289 iucunde;
535 3225 644 3296 opipare
662 3244 727 3280 sane
745 3228 772 3279 et
790 3228 932 3296 apparate:
952 3241 1004 3348 nge
1017 3223 1047 3278 id
1065 3225 1152 3349 solp'm
1170 3225 1217 3279 sed

917 3324 951 3333 -
987 3311 1035 3348 ene
1053 3311 1098 3348 coc

442 3362 569 3428 Condito,
588 3380 710 3417 sermone
728 3363 799 3417 bono
818 3365 854 3427 et,
872 3362 897 3416 si
915 3361 1024 3432 quaeri',
1043 3362 1165 3417 libenter.

229 3431 255 3485 S,
274 3431 306 3486 L.
324 3431 423 3486 Miiller
440 3431 470 3486 G.
488 3431 578 3486 Lucili
596 3435 647 3485 sat.
665 3430 795 3501 reliquiae
813 3450 840 3502 p,
858 3435 899 3484 21.
987 3435 1079 3486 recte
1097 3431 1265 3486 miserum.
1302 3429 1394 3485 Ueber

229 3500 273 3555 die
291 3500 460 3570 Εηξὲιηαηηξ
477 3518 531 3554 von
558 3500 626 3554 dicit
652 3519 702 3553 aus
729 3499 790 3554 dem
817 3499 1042 3570 vorangehenden
1068 3504 1151 3570 negat
1181 3519 1201 3555 s.
1220 3519 1255 3553 zu
1272 3499 1287 3554 I
1305 3503 1328 3562 9,
1347 3501 1393 3552 31.

229 3587 301 3622 cum
318 3568 527 3639 praesertim
550 3575 613 3624 ‘was
633 3569 694 3623 sehr
716 3567 900 3640 merlrwi'rrdig
923 3569 973 3632 ist,
996 3569 1088 3623 zumal
1104 3569 1155 3633 da',
1180 3569 1254 3624 steht
1271 3569 1318 3623 fiir
1335 3567 1392 3622 ‘ob-

228 3637 332 3759 gleich'.
357 3656 435 3693 wenn
458 3656 485 3692 es
504 3637 562 3692 sich
580 3656 617 3691 an
634 3638 713 3692 einen
731 3637 875 3708 negativen
893 3638 1049 3708 Hauptsatz
1073 3637 1198 3692 anlehnt:
1227 3637 1269 3692 IV
1288 3643 1329 3702 14,
1348 3641 1393 3690 36.

253 3706 507 3770 us0.11121‚51.
544 3705 694 3769 V26,'13.
730 3725 768 3760 or.
787 3727 812 3778 p.
831 3706 915 3761 Arch.
932 3709 1004 3778 poet
1023 3711 1052 3770 9,
1072 3712 1112 3760 19.
1147 3727 1173 3778 p.
1192 3707 1282 3762 Deiot.
1302 3710 1329 3769 ⁵1,
1348 3710 1394 3760 21.
1508 3735 1509 3738 =

228 3794 254 3846 p.
272 3775 332 3829 Mil.
351 3779 393 3838 30,
412 3779 454 3829 81.
489 3775 518 3828 in
539 3775 719 3839 Verr.II46,
740 3779 797 3830 113.
832 3775 870 3829 Es
889 3775 961 3846 folgt
978 3793 1059 3846 sogar
1075 3780 1181 3830 tamen:
1209 3793 1247 3830 or.
1265 3794 1290 3847 p.
1309 3776 1395 3830 Rosc

228 3847 320 3898 Amer.
339 3848 380 3906 24,
400 3848 433 3896 66
452 3862 514 3897 cum
532 3843 691 3913 praesertim
710 3842 822 3899 deorum
840 3844 1038 3898 immortalium
1061 3844 1143 3900 iussis
1167 3848 1250 3914 atque
1273 3844 1395 3899 oraculis

229 3911 258 3966 id
276 3911 371 3966 fecisse
389 3912 523 3976 dicantur,
542 3916 635 3968 tamen
652 3916 685 3966 ut
702 3931 746 3967 eos
765 3933 781 3967 a
802 3913 872 3967 itant
889 3913 995 3968 Furias.
1091 3932 1190 3984 porro
1209 3913 1229 3967 f
1231 3917 1236 3928 '
1261 3917 1273 3968 t
1289 3915 1320 3968 in
1338 3912 1396 3967 deu

229 3979 357 4035 Gliedern
376 3981 447 4034 eines
467 3980 609 4036 einfacheu
627 3981 766 4036 Schlusses
782 3931 829 4035 bie
847 3983 999 4052 assumptio
1023 4001 1066 4036 an.
1102 3982 1217 4053 Seyffert
1256 3983 1323 4037 chol.
1341 3981 1394 4037 lat.

229 4050 244 4102 I
263 4049 290 4102 S.
304 4054 350 4131 ‚4¹¹
372 4081 401 4090 -
421 4050 478 4130 Das
496 4047 605 4103 hclschr.
624 4051 694 4124 male
712 4052 782 4104 nach
800 4069 880 4120 porro
899 4050 937 4105 ist
955 4051 1074 4132 entfernt
1096 4052 1217 4113 worden,
1242 4051 1277 4106 da
1296 4069 1394 4174 prave,

230 4121 366 4241 llll?
377 4118 835 4242 belltlltvtlttlllt
850 4120 1114 4244 fflffigffl,
1133 4122 1295 4244 llll?
1315 4124 1393 4244 pesa

230 4206 342 4311 aielriis
358 4206 529 4326 {eschlossen
546 4257 622 4312 wird.
647 4208 832 4328 Dagegenpist
850 4258 878 4311 in
898 4258 945 4312 der
962 4209 1100 4312 ionolusio
1117 4209 1165 4312 <lile
1179 4209 1314 4313 lebrandi)
1322 4195 1395 4313 begiie

231 4325 283 4379 mit
295 4326 409 4397 Madvig
427 4325 607 4397 hinzugelligt
619 4327 733 4381 worden.
752 4326 882 4381 Indessen
894 4327 997 4382 kb'nnte
1009 4346 1074 4380 man
1088 4327 1141 4381 den
1151 4347 1255 4398 genuen
1268 4327 1393 4382 Schluss·

232 4399 289 4450 ratz
309 4414 364 4451 non
382 4396 468 4467 igitur
485 4395 551 4450 bene
569 4395 651 4450 leicbt
670 4394 825 4449 entbehren.
