3024 4938
220 311 262 374 40
452 307 503 362 Du
521 305 672 361 FINIBUS
690 304 876 360 BONORUM
894 304 941 358 ΕΤ
959 302 1149 358 Mauortem

221 479 316 565 quasi
331 501 447 544 saxum
465 478 615 555 Tantam,
641 499 770 560 semper
792 475 972 560 impendet,
996 481 1068 538 tum
1091 473 1293 558 superstitio,
1320 496 1392 556 qua

222 584 278 668 qui
301 588 353 646 est
376 581 542 659 imbutus,
570 580 701 666 quietus
734 601 805 643 esse
837 601 1006 662 nunquam
1038 583 1161 662 potest.
1208 579 1392 640 Praeterea
1500 641 1501 646 ,

223 688 309 750 bona
324 683 502 770 praeterita
524 706 591 747 non
614 683 844 761 meminerunt,
869 681 1099 766 praesentibus
1122 703 1190 744 non
1211 680 1389 755 fruuntur3

222 777 333 850 lutura
355 785 453 848 modo
478 790 690 867 exspectant,
721 805 803 867 quae
828 782 904 866 quia
926 790 1017 846 certa
1040 803 1111 846 esse
1142 803 1209 845 non
1224 786 1388 866 possunt,

223 888 444 953 conficiuntur
467 891 502 950 et
524 907 647 970 angore
670 889 705 948 et
728 890 829 963 metu,
853 886 1060 969 maximeque
1084 884 1283 962 eruciantur,
1310 905 1391 946 eum
1500 951 1501 956 γ

223 1013 295 1056 1111
319 989 467 1054 sentiunt
490 987 613 1052 frustra
636 1009 670 1052 se
694 996 752 1052 aut
774 987 932 1072 peeuniae
956 987 1123 1052 studuisse
1152 993 1211 1051 aut
1238 985 1391 1070 imperiis
1500 1027 1501 1064 3

222 1098 279 1158 aut
302 1093 420 1178 opibus
444 1096 502 1155 aut
524 1091 661 1175 gloriae.
707 1091 828 1156 Nullas
852 1091 939 1156 enim
963 1095 1209 1175 consequuntur
1231 1090 1392 1173 volupta-
1500 1129 1501 1164 3

89 1204 112 1218 ‘
221 1203 285 1276 tes,
311 1217 448 1280 quarum
465 1193 615 1278 potiendi
631 1215 689 1278 spe
712 1193 906 1258 inflammati
928 1195 1052 1258 multos
1075 1193 1206 1257 labores
1230 1215 1391 1276 magnos·
1500 1235 1501 1271 3

203 1313 286 1381 'que
310 1304 534 1381 susceperant.
561 1295 620 1380 (61)
644 1296 731 1360 Eece
748 1303 860 1360 autem
878 1296 935 1359 alii
957 1295 1077 1360 minuti
1100 1304 1134 1360 et
1157 1294 1303 1378 angusti,
1329 1300 1393 1358 ant

223 1399 332 1464 omnia
355 1420 484 1483 semper
507 1399 721 1482 desperantes
745 1407 803 1463 aut
817 1398 983 1477 malevoli,
1007 1397 1121 1476 invidi,
1147 1397 1310 1471 difficiles,
1335 1397 1392 1460 lu·

224 1501 338 1586 eifugi,
363 1502 528 1581 maledici,
553 1501 686 1580 morosi,
711 1501 768 1565 alii
791 1508 902 1566 autem
926 1501 1027 1566 etiam
1050 1501 1218 1565 amatoriis
1241 1499 1393 1564 levitati·
1500 1573 1501 1582 χ

222 1606 286 1670 bus
310 1605 426 1684 dediti,
451 1605 508 1669 alii
531 1605 741 1689 petulantes,
766 1604 822 1668 alii
845 1605 1001 1683 audaces,
1027 1604 1189 1688 protervi,
1214 1604 1392 1678 1111111111-

222 1715 447 1791 temperantes
472 1714 506 1771 et
529 1707 657 1791 ignavi,
687 1731 855 1792 nunquam
884 1707 918 1772 iu
947 1708 1115 1772 sententia
1142 1711 1390 1792 permanentes,
1500 1781 1501 1784 Ἴ

224 1832 304 1892 quas
337 1811 379 1873 ob
409 1831 524 1873 causas
555 1809 590 1872 in
621 1831 732 1873 eorum
756 1809 826 1874 vita
848 1810 941 1873 nulla
964 1817 1016 1873 est
1038 1809 1251 1892 intercapedo
1283 1809 1393 1874 mole-

223 1911 318 1975 stiae.
365 1911 476 1995 Igitur
499 1932 606 1994 neque
630 1913 810 1975 stultorum
842 1911 1014 1996 quisquam
1048 1912 1165 1975 beatus
1196 1932 1302 1994 neque
1337 1935 1391 1975 sa·
1500 1983 1501 1992 χ

224 2015 373 2098 pientum
396 2037 464 2079 non
495 2015 635 2094 beatus,
669 2016 841 2100 multoque
874 2016 938 2079 hoo
969 2015 1087 2079 melius
1120 2037 1180 2102 nos
1211 2015 1393 2098 veriusque
1500 2075 1501 2080 ,

225 2141 321 2201 quam
346 2117 461 2182 Stoici.
508 2117 566 2181 Illi
590 2115 676 2182 enim
699 2125 826 2203 negant
855 2139 926 2182 esse
958 2119 1082 2182 bonum
1115 2118 1291 2203 quiequam
1324 2118 1394 2182 nisi
1500 2183 1501 2202 2

224 2221 335 2286 neseio
360 2244 459 2306 quam
481 2221 575 2284 illam
597 2221 768 2300 umbram,
802 2221 890 2304 quod
914 2221 1085 2305 appellant
1112 2223 1290 2301 honestum
1322 2244 1393 2285 non

223 2331 293 2388 tam
316 2324 423 2389 solido
448 2347 546 2408 quam
569 2324 742 2408 splendido
766 2324 898 2388 nomine
909 2348 917 2399 ;
952 2324 1111 2388 virtutem
1134 2332 1247 2388 autem
1279 2323 1393 2388 nixam
1500 2405 1501 2410 η

224 2426 288 2488 hoo
320 2429 462 2488 honesto
496 2425 621 2488 nullam
649 2425 814 2507 requirere
846 2426 1054 2509 voluptatem
1086 2432 1185 2510 atque
1217 2426 1258 2490 ad
1291 2425 1392 2490 beate
1500 2479 1501 2482 ,

224 2526 403 2590 vivendum
427 2548 461 2590 se
485 2526 556 2611 ipsa
580 2548 651 2590 esse
675 2532 879 2591 eontentam.

225 2784 231 2798 ι
293 2714 346 2769 61).
374 2715 989 2798 111111111Τ1111.Ι1116,35111111φὴ111
1007 2717 1073 2772 mali
1091 2716 1275 2798 signifieantes
1292 2720 1393 2787 poetae
1500 2735 1501 2792 j

224 2784 378 2866 impendere
396 2784 469 2855 apud
487 2785 587 2866 inferos
605 2803 701 2866 saprum
719 2786 835 2840 Tantalo
854 2785 960 2840 fuerunt
978 2786 1013 2840 db
1033 2784 1131 2840 scelera
1148 2803 1286 2856 anrm1que
1303 2785 1392 2866 impo—
1500 2807 1501 2836 3

225 2857 342 2907 tentiam
362 2853 391 2906 et
410 2852 696 2924 superbiloquentiam.
732 2853 815 2909 Hom.
834 2854 884 2909 Od.
902 2853 945 2908 XI
962 2857 1108 2908 osa-592.
1179 2873 1245 2924 qua
1263 2873 1319 2924 qur
1337 2860 1392 2910 est
1500 2877 1501 2880 ¹

224 2921 379 3004 imbutus
399 2941 419 2976 s.
439 2941 513 3003 1111.
533 2926 617 2986 μ123.
710 2941 848 3006 quarum
865 2923 1022 3046 potiendi
1042 2943 1105 2994 spe.
1141 2923 1221 2977 Naoh
1239 2923 1303 2978 dem
1320 2923 1391 2977 Vor-

224 2990 1392 3141 111111..111111111111·1111111111111111111

224 3127 405 3195 Pronomeus)
425 3128 573 3199 abhangrg,
593 3127 663 3182 doeh
676 3147 728 3184 nur
746 3148 784 3194 s0‚
803 3129 866 3185 dass
886 3130 934 3185 das
953 3130 1108 3201 abhtngige
1118 3129 1147 3184 N
1149 3149 1227 3184 omen
1245 3129 1283 3185 im
1295 3129 1392 3184 Plural

225 3197 308 3252 steht.
327 3197 352 3250 V
365 3202 388 3260 7,
403 3201 434 3251 19
447 3216 540 3252 eorum
551 3201 634 3265 (statt
646 3201 687 3265 ea)
701 3198 868 3270 adipiscendi
880 3218 969 3254 eausa.
988 3199 1051 3254 Beis
1069 3201 1118 3254 iele
1136 3198 1179 3252 bei
1192 3199 1292 3270 Zumpt
1305 3199 1391 3263 1661.

294 3265 342 3320 61.
379 3267 463 3321 Eoos
481 3270 595 3321 autem
614 3267 688 3330 alii,
707 3268 765 3323 eine
783 3219 1068 3340 Uebergangsformei:
1083 3269 1125 3323 die
1143 3267 1199 3322 Cio.
1217 3265 1390 3338 gewdhnlich

224 3333 268 3390 bei
286 3335 333 3389 der
349 3335 527 3406 Aufzihluug
545 3335 661 3390 falssher
678 3336 848 3392 Gleiehnisse
870 3337 1020 3394 anwendet.
1055 3338 1096 3391 IV
1115 3340 1156 3399 27,
1176 3340 1208 3390 16
1226 3338 1297 3390 Eece
1314 3335 1391 3390 aliud

226 3404 312 3458 simile
330 3403 469 3459 dissimile.
505 3406 678 3468 11111144,
699 3410 747 3459 106
774 3407 843 3460 11111
861 3406 931 3461 alius
948 3405 1068 3460 exoritur
1095 3423 1109 3459 e
1135 3410 1216 3460 terra.
1252 3405 1285 3459 de
1303 3404 1390 3458 divin.

224 3473 254 3527 11
273 3476 313 3536 70,
333 3478 383 3526 144
400 3473 470 3527 Ecce
488 3473 558 3528 alius
576 3491 677 3529 cursor.
713 3475 835 3529 Wiohert
852 3476 899 3529 lat.
919 3475 988 3528 Still.
1008 3478 1034 3527 S.
1053 3479 1111 3528 340.
1130 3479 1190 3528 441.
1260 3474 1392 3528 minuti

226 3544 258 3595 et
277 3541 421 3611 angusti
439 3542 648 3612 ‘kleinmiithige
665 3543 722 3597 und
740 3544 909 3614 engherzige'
933 3544 1119 3619 μικρόψυχοι.
1224 3542 1335 3598 lueifu
1363 3544 1389 3605 i,

225 3609 269 3663 ein
287 3629 340 3663 von
358 3610 480 3664 Lucilius
498 3615 550 3665 sat.
571 3617 615 3672 14,
635 3615 650 3664 3
674 3611 822 3683 gebildetes
840 3613 927 3666 Wort.
1032 3611 1167 3666 morosi.
1203 3611 1260 3665 Das
1277 3611 1345 3665 hdso
1382 3653 1390 3666 .

225 3679 373 3732 monstrosi
391 3679 467 3748 giebt
484 3679 582 3734 keinen
600 3679 676 3734 Sinn.
712 3681 789 3734 Liest
807 3699 872 3735 man
889 3681 941 3735 mit
958 3681 1077 3735 Lambin
1095 3679 1213 3744 morosi,
1237 3698 1266 3734 1ο
1285 3679 1390 3735 theilen
1498 3713 1499 3724 2

187 3780 191 3791 .
225 3744 284 3799 11111
302 3745 346 3825 die
364 3747 439 3801 seehs
457 3746 578 3818 Begriffe
596 3748 626 3802 iu
653 3748 711 3803 drei
728 3749 827 3804 Puera:
865 3749 989 3804 malevoli
1009 3749 1148 3804 —invidi
1173 3748 1390 3820 representieren

226 3814 278 3867 den
295 3811 375 3876 Nerd,
394 3815 516 3870 difficiles
535 3845 566 3854 -
585 3817 701 3887 luoifugi
718 3817 762 3872 die
779 3817 1020 3886 Mensohensoheu,
1039 3815 1163 3873 maledici
1178 3847 1210 3858 ·—
1224 3815 1327 3872 morosi
1344 3817 1391 3872 die

226 3879 400 3936 Tadelsuoht.
470 3884 602 3937 interca
632 3885 691 3939 edo
713 3905 737 3932 ε
760 3887 935 3943 intermissio.
970 3886 1020 3942 Bei
1038 3887 1092 3942 Cio.
1111 3905 1164 3940 nur
1181 3885 1246 3941 hier.
1277 3885 1389 3941 011111.

225 3949 376 4030 getrauoht
394 3969 426 4030 es·
449 3951 484 4005 ad
502 3952 566 4007 fam.
671 3959 746 4018 21,1
778 3975 820 4010 me
846 3956 902 4010 iam
929 3973 985 4010 non
1010 3957 1130 4026 paenitet
1156 3953 1390 4026 intercapedinem

226 4016 361 4073 scribendi
378 4019 483 4076 1111111.
586 4022 705 4094 Igitur
732 4025 806 4080 stelit
833 4044 868 4079 an
894 4029 979 4079 erster
997 4025 1076 4079 Stelle
1094 4025 1123 4078 in
1149 4023 1390 4094 philosophisohen

226 4086 527 4210 Sohlussfolgerungen,
551 4109 628 4146 wenn
648 4093 705 4147 sioh
723 4094 786 4148 kein
805 4094 917 4156 anderes
935 4094 1061 4150 betontes
1079 4091 1159 4146 Wort
1181 4093 1220 4148 im
1238 4092 1317 4147 Satze
1339 4093 1389 4146 fin-

226 4155 286 4209 det:
305 4155 335 4210 Π
353 4161 368 4208 2
388 4197 395 4217 ,
414 4161 455 4212 88.
474 4159 516 4214 IV
536 4163 576 4226 19,
595 4165 636 4215 55.
654 4161 680 4214 V
699 4167 722 4226 8,
742 4165 783 4216 23.
810 4163 1025 4225 11111111.
1052 4161 1139 4228 ΠΙἹ,
1159 4167 1200 4216 14.
1226 4161 1268 4216 IV
1286 4165 1326 4225 18,
1345 4165 1389 4216 42.

226 4222 259 4277 de
277 4223 360 4279 divin.
379 4226 409 4280 H
430 4232 469 4292 18,
488 4233 519 4282 41
540 4248 567 4284 u.
586 4233 612 4285 ὃ.
632 4228 733 4301 Zumpt
751 4233 764 4296 ἓ
784 4234 843 4286 351.
924 4231 1095 4287 virtutem
1114 4237 1228 4285 autem
1246 4229 1330 4284 ntml.
1349 4229 1389 4284 di-

226 4301 306 4356 eunt;
328 4312 348 4348 1.
367 4313 401 4349 zu
419 4315 440 4351 1.
460 4301 484 4362 9,
502 4301 544 4352 31.
673 4320 676 4328 ’
