3024 4938
441 335 503 392 Ine.
522 335 544 392 I.
581 336 698 392 011111.
735 339 764 403 11
783 339 894 390 32-35.
1212 342 1253 404 25
1349 337 1352 344 ’

30 589 31 596 ¹
103 508 175 572 alias
186 510 405 592 consequatur
422 515 480 572 aut
498 508 701 592 perferendis
718 508 887 572 doloribus
905 510 1085 592 asperiores
1101 511 1252 595 repellat.

104 609 161 693 (34)
184 610 279 674 Hanc
303 633 365 694 ego
390 632 464 674 cum
487 615 620 674 teneam
644 611 858 688 sententiam,
885 611 963 694 quid
987 618 1039 675 est
1063 634 1119 676 cur
1142 634 1256 676 verear

103 734 137 776 ue
158 713 198 776 ed
223 735 295 776 eam
312 735 379 776 non
394 712 516 796 possim
534 713 782 775 accommodare
799 713 982 796 Torquatos
997 719 1150 781 nostros?
1174 737 1255 796 quos

103 823 134 877 tn
154 815 252 898 paulo
276 820 352 880 ente
376 837 450 878 cum
473 814 673 894 memoriter,
698 821 770 878 tum
795 814 893 878 etiam
918 837 995 898 erga
1018 838 1078 879 nos
1101 815 1204 879 amice
1221 823 1256 879 11

103 918 253 982 benevole
270 917 438 1001 collegisti
445 943 454 994 3
479 939 540 980 nec
564 939 616 980 me
639 923 751 981 tamen
773 917 948 980 laudandis
971 917 1150 981 maioribus
1174 917 1256 982 meis

104 1021 270 1103 corrupisti
293 1043 354 1085 uec
378 1020 564 1103 segniorem
587 1020 628 1083 ad
651 1019 917 1104 respondendum
938 1019 1124 1084 reddidisti.
1165 1022 1255 1084 Quo-

104 1145 165 1186 rum
187 1123 282 1188 facta
307 1146 404 1208 quem
429 1123 647 1201 admodum,
683 1144 823 1205 quaese,
857 1123 1102 1207 interpreteris?
1147 1123 1256 1188 Sicine

104 1247 151 1288 eos
174 1248 288 1290 censes
313 1227 427 1290 autin
451 1233 614 1290 armatum
638 1227 770 1288 hostem
793 1226 953 1308 impetum
984 1226 1102 1290 fecisse
1134 1233 1192 1290 aut
1223 1226 1258 1289 in

103 1327 216 1394 liberos
241 1337 341 1412 atque
364 1329 398 1392 in
423 1329 617 1412 sanguinem
641 1351 737 1392 suum
759 1336 828 1392 tam
853 1328 1003 1392 crudeles
1027 1329 1144 1408 fuisse,
1175 1329 1257 1392 nihil

104 1437 137 1492 ut
158 1431 196 1496 de
220 1430 445 1509 utilitatibus,
469 1430 563 1516 :nihil
586 1436 624 1494 ut
657 1431 698 1493 de
731 1430 912 1493 commodis
946 1431 1012 1493 suis
1046 1431 1257 1515 cogitarent?

105 1534 145 1596 At
165 1533 199 1598 id
221 1557 263 1598 nc
289 1534 379 1598 ferae
403 1533 534 1618 quidem
559 1533 696 1612 faciunt,
721 1543 760 1596 ut
782 1533 831 1596 ita
853 1539 951 1596 ruent
973 1532 1085 1616 itaque
1108 1535 1256 1612 turbent,

106 1642 147 1714 ut,
171 1659 281 1701 esrum
306 1645 418 1702 motus
442 1643 477 1699 et
499 1636 643 1719 impetus
667 1659 731 1718 quo
755 1636 960 1719 pertineant,
994 1659 1061 1700 non
1084 1637 1258 1720 intellega-

105 1761 185 1802 mus:
224 1746 357 1804 tutam
382 1739 533 1822 egregios
558 1738 644 1802 viros
669 1760 783 1802 censes
806 1747 919 1804 tantas
942 1761 993 1802 res
1022 1739 1165 1824 gessisse
1190 1740 1261 1830 sine

105 1842 213 1904 causa?
261 1839 327 1925 (35)
353 1842 446 1905 Quae
463 1840 563 1904 inerit
587 1862 696 1919 causa,
721 1865 797 1905 mox
820 1841 932 1905 videro
940 1866 949 1918 3
975 1841 1101 1906 interea
1123 1843 1187 1906 hoc
1210 1850 1260 1905 te·

105 1943 193 2022 nebo,
218 1945 246 2008 si
270 1945 313 2008 oh
339 1944 482 2026 aliquam
506 1965 638 2007 causam
661 1943 742 2022 ista,
769 1966 851 2027 quae
875 1944 945 2008 sine
969 1944 1068 2008 dubio
1093 1945 1261 2029 praeclara

106 2052 185 2122 sunt,
211 2045 365 2122 fecerint,
390 2044 548 2109 virtutem
565 2045 604 2108 iis
628 2067 686 2130 per
710 2068 744 2110 se
768 2047 875 2128 ipsam
900 2067 1032 2109 causam
1055 2067 1120 2108 non
1145 2045 1259 2108 fuisse.

107 2144 260 2229 l'orquem
287 2147 433 2210 detraxit
457 2147 563 2209 hosti:
607 2154 642 2210 et
666 2147 797 2230 quidem
822 2167 856 2210 se
886 2146 990 2224 texit,
1025 2169 1065 2210 ne
1097 2146 1258 2210 interiret.

106 2249 148 2310 At
168 2271 327 2334 magnum
359 2247 542 2331 perieulum
575 2248 673 2311 adiit:
714 2250 747 2311 in
780 2248 884 2312 oculis
918 2247 1050 2331 quidem
1083 2246 1258 2312 exercitus

108 2347 187 2413 Quid
211 2373 252 2416 ex
276 2372 315 2414 eo
341 2354 392 2413 est
411 2351 629 2413 consecutus?
652 2351 785 2414 laudem
809 2355 843 2414 et
866 2349 1051 2428 caritatem,
1077 2371 1159 2432 quae
1183 2357 1261 2412 sunt

109 2450 187 2516 vitae
203 2453 275 2517 sine
292 2459 385 2517 metu
408 2452 578 2535 degendae
602 2452 765 2535 praesidia
788 2452 985 2518 firmissima.
1011 2452 1132 2516 Filium
1155 2459 1261 2515 morte

109 2555 272 2619 multavit:
299 2555 327 2618 si
343 2554 413 2618 siue
431 2577 539 2633 causa,
565 2554 689 2618 nollem
706 2577 757 2618 me
775 2556 815 2619 ab
840 2577 877 2620 eo
902 2563 1023 2634 ortum,
1048 2563 1118 2618 tam
1141 2555 1261 2638 impor-

109 2660 182 2720 tuno
205 2665 341 2741 tamque
366 2656 505 2734 crudeli3
540 2657 610 2736 siu,
644 2663 683 2719 ut
706 2658 819 2721 dolore
843 2681 901 2722 suo
935 2658 1077 2722 sanciret
1108 2657 1262 2721 militaris

110 2862 261 2927 versionis
286 2869 379 2927 metu
403 2862 604 2942 contineret,
635 2863 737 2927 saluti
760 2863 931 2947 prospexit
954 2864 1091 2937 civium,
1126 2886 1190 2946 qua
1212 2863 1261 2925 in-

172 3015 220 3070 34.
240 3017 439 3072 memoriter
456 3016 534 3070 nicht
556 3039 580 3062 =
603 3034 634 3070 ex
652 3017 784 3072 memoria
803 3023 860 3071 ‘eus
879 3017 940 3071 dem
953 3017 1060 3088 Kopse’,
1080 3017 1261 3088 ‘auswendig’,

112 3083 224 3150 sondern,
243 3085 294 3140 wie
311 3085 425 3154 Madvig
443 3086 568 3139 erwieseu
586 3085 649 3147 hat,
673 3085 734 3138 ‘mit
789 3088 853 3150 tem,
872 3086 924 3139 mit
942 3089 1045 3140 treuem
1064 3086 1262 3148 chtchtniss’,

112 3148 174 3206 dcnn
190 3173 293 3210 memor
311 3154 349 3207 ist
368 3152 422 3217 der,
442 3153 488 3207 der
506 3153 548 3207 eiu
566 3157 646 3222 gntes
664 3153 755 3208 Gedac
776 3155 847 3208 tuiss
864 3154 921 3208 hat.
957 3155 997 3207 IV
1019 3161 1040 3217 1,
1062 3161 1084 3208 l.
1111 3155 1143 3208 de
1162 3159 1229 3208 orat.
1248 3155 1263 3209 Ι

114 3221 150 3280 15,
166 3225 203 3276 81.
221 3223 301 3278 Brut.
320 3227 361 3284 88,
381 3226 440 3275 303.
470 3222 502 3275 de
519 3225 576 3276 nat.
595 3222 666 3276 deor.
685 3223 700 3274 Ι
718 3226 758 3284 33,
778 3227 820 3275 91.
847 3222 931 3275 Acad.
950 3223 980 3275 II
1000 3227 1040 3282 19,
1059 3226 1100 3275 63.
1131 3221 1164 3275 de
1183 3223 1261 3276 amic.

115 3289 136 3347 l,
154 3293 173 3343 1.
204 3292 312 3347 Ebeuso
331 3290 399 3345 wird
417 3296 597 3365 μνημονικῶς
614 3290 774 3361 gebraucht.
844 3290 935 3343 nihil
953 3294 999 3344 ut.
1018 3290 1074 3343 Das
1093 3290 1263 3343 consecutive

113 3357 141 3407 ut
157 3357 218 3413 wird
236 3379 304 3432 geru
321 3378 375 3413 von
394 3361 480 3414 ciuem
499 3359 694 3414 verneinenden
713 3357 808 3412 Worte
835 3358 1088 3479 zuriickgedrtngt,
1117 3356 1263 3412 besouders

111 3427 850 3491 1111111111.1111.Ι42,99.11117,38.1Ῑ20,69.
873 3427 1261 3490 1111.Ι3·,12.ΙΙ15,48.
1329 3469 1330 3476 ,

112 3496 174 3547 0111.
192 3501 214 3560 8,
233 3502 275 3552 25.
296 3501 336 3560 18,
356 3500 397 3550 59.
417 3496 449 3550 de
467 3499 536 3549 orat.
554 3496 598 3550 III
618 3501 657 3560 13,
676 3500 717 3550 50.
745 3514 783 3550 11.
801 3515 826 3566 p.
846 3495 934 3550 Sestio
953 3500 994 3558 50,
1014 3499 1072 3549 101.
1099 3494 1128 3549 iu
1145 3494 1201 3548 Pis.
1221 3500 1262 3560 29,

112 3562 198 3618 111111
216 3566 281 3620 fam.
306 3565 348 3618 VI
366 3569 391 3627 3,
409 3569 433 3618 3.
469 3565 569 3618 Femer
586 3565 675 3619 finden
694 3565 750 3619 sich
769 3583 848 3620 nemo
866 3569 899 3618 ut
917 3565 1005 3630 (Brut.
1025 3568 1065 3628 12,
1083 3567 1154 3630 251),
1173 3565 1262 3619 nullus

111 3632 140 3681 ut
157 3633 203 3696 (or.
222 3653 248 3705 p.
266 3633 328 3688 Mil.
347 3637 388 3696 25,
407 3635 461 3698 68),
485 3633 530 3687 vix
548 3635 580 3686 ut
599 3634 685 3699 (Caes.
703 3633 729 3687 b.
768 3674 774 3686 .
793 3634 880 3696 1114,
900 3636 940 3700 1),
958 3651 1006 3703 pro
1026 3651 1040 3687 e
1057 3636 1102 3697 ut,
1120 3651 1205 3702 paene
1222 3637 1262 3688 ut.

111 3695 232 3779 Indessen
250 3702 319 3757 wird
338 3701 387 3754 das
405 3701 575 3756 consecutive
593 3706 625 3756 ut
647 3702 717 3756 auch
744 3652 830 3756 durch
857 3701 955 3756 andere
1018 3705 1091 3759 111111
1118 3703 1264 3772 zuriichge·

112 3763 218 3838 drangt:
237 3771 336 3825 defin.
354 3770 394 3823 IV
415 3773 455 3833 19,
473 3774 505 3822 53
524 3773 585 3824 1111
602 3774 635 3824 ut
652 3771 725 3825 labet
743 3771 895 3841 disciplina.
931 3771 956 3824 V
974 3774 1015 3834 39,
1034 3775 1066 3825 87
1085 3771 1157 3825 bono
1175 3777 1208 3826 ut
1225 3790 1262 3825 es·

113 3838 148 3887 111
165 3839 262 3894 animo.
335 3838 487 3892 turbent.
524 3838 579 3892 Der
597 3839 720 3894 absolute
738 3839 882 3894 Gebreuch
905 3858 958 3894 von
977 3839 1087 3894 turbare
1106 3843 1145 3906 (=
1168 3841 1262 3895 turbas

111 3900 181 3970 dare)
199 3907 284 3962 findet
302 3906 360 3961 sich
379 3907 449 3960 auch
476 3925 511 3960 an
535 3907 637 3963 andem
655 3909 770 3971 Stellen‚
798 3909 835 3963 ist
858 3908 958 3978 jedooh
984 3909 1061 3962 mehr
1090 3909 1263 3971 dichterisoh,

111 3988 130 4022 z.
147 3970 178 4027 Β.
195 3976 275 4046 Verg.
295 3994 352 4030 aen.
372 3975 412 4028 VI
430 3979 481 4028 800
499 3979 526 4029 11
543 3981 644 4046 septem
662 3976 764 4047 gemini
782 3978 897 4032 turbant
915 3977 1021 4047 trepida
1039 3978 1110 4032 ostia
1127 3977 1193 4032 Nili.

137 4107 141 4119 Ι
175 4041 224 4098 35.
261 4044 481 4107 moxvidero,
506 4043 602 4099 ebenso
620 4045 649 4099 II
668 4050 691 4109 3,
711 4049 734 4098 9.
765 4046 1263 4110 11111144,11511111111111,

112 4106 173 4164 ahes
190 4114 344 4168 viderimus.
381 4111 414 4166 de
432 4113 533 4165 11111
551 4117 591 4176 58,
611 4117 660 4167 246
679 4113 732 4167 Sed
751 4113 784 4167 de
801 4114 853 4168 hoc
870 4119 903 4168 tu
920 4115 977 4184 ipsc
994 4114 1101 4168 videris.
1137 4115 1216 4168 Tuse.
1233 4114 1264 4168 II

114 4179 152 4239 18,
168 4185 200 4234 42
218 4182 295 4236 Sitne
313 4181 416 4235 malum
435 4180 512 4234 dolor
529 4198 619 4244 necne,
638 4182 724 4237 Stoici
741 4182 867 4237 viderint.
888 4183 987 4253 Zumpt
1006 4186 1018 4248 ξ
1038 4187 1096 4236 511.
1184 4183 1262 4236 Tor·

114 4259 202 4362 poem
220 4250 377 4304 detraxit
395 4249 490 4303 hosti
509 4251 558 4302 etc.
587 4250 672 4305 Ueber
690 4251 733 4304 die
750 4251 832 4305 Form
851 4251 898 4305 der
916 4251 1055 4304 altercatio
1074 4249 1185 4304 hendelt
1203 4269 1263 4304 aus·

124 4313 223 4372 uhrlich
242 4318 358 4388 Seyffert
376 4317 463 4372 Schol.
482 4319 529 4371 lat.
548 4318 563 4370 I
581 4317 608 4370 S.
629 4323 686 4372 161.
768 4323 799 4373 11
818 4320 951 4388 quidem
970 4338 990 4374 s.
1010 4339 1044 4372 zu
1061 4319 1091 4372 Π
1110 4323 1133 4381 3,
1152 4323 1176 4372 9.
1231 4366 1233 4376 .
