3020 4948
406 291 469 348 Lm.
486 291 540 348 111.
575 291 641 348 (lar.
662 290 769 348 v-vl.
804 294 833 358 ἐξ
853 295 962 352 17-20.
1198 297 1258 358 133

108 481 138 522 se
159 459 221 542 ipsi
242 460 439 526 invenerint.
501 461 565 544 (18)
589 464 691 527 Artes
716 461 815 530 etiam
838 463 926 548 ipsas
947 472 1086 551 propter
1107 485 1142 530 se
1165 485 1257 530 assu·

106 561 232 632 mendas
252 571 424 650 putamus,
449 585 524 630 oum
548 565 624 648 quia
647 565 691 628 sit
713 565 748 629 in
770 564 810 628 iis
834 564 958 650 aliquid
975 566 1113 655 dignum
1131 589 1256 638 assum·

105 665 220 749 ptione,
245 671 317 734 tum
341 667 429 752 quod
457 674 614 734 constent
646 689 686 732 ex
719 668 964 753 cognitionibus
999 678 1033 733 et
1065 671 1258 740 contineant

105 766 253 850 quiddam
276 769 308 834 in
333 791 368 834 se
390 769 519 834 ratione
543 769 764 834 constitutum
789 778 825 835 et
854 771 919 840 via.
965 773 998 834 A
1029 769 1114 836 falsa
1145 779 1257 840 autem

105 870 285 940 assensione
309 872 415 956 magis
438 895 499 938 nos
522 871 684 939 alienatos
709 895 780 938 esse
813 897 911 958 quam
944 897 962 942 a
989 874 1111 942 ceteris
1143 875 1254 950 rebus,

105 993 178 1057 quae
199 972 271 1038 sint
294 981 410 1039 eontra
432 981 595 1052 naturam,
621 973 835 1040 arbitrantur.
868 976 941 1042 Iam
966 975 1197 1056 membrorum,
1222 976 1256 1040 id

104 1083 148 1138 est
166 1077 314 1164 partium
338 1078 502 1164 corporis,
536 1078 599 1144 alia
614 1078 776 1148 uidentur
807 1087 942 1165 propter
974 1102 1086 1145 eornm
1118 1101 1256 1144 usuma

104 1187 211 1245 natura
226 1203 301 1248 esse
318 1182 449 1264 donato,
473 1190 513 1246 ut
529 1203 655 1260 manus,
681 1204 786 1262 crura,
809 1184 924 1270 pedes,
949 1189 1054 1263 ntea,
1079 1191 1256 1268 quaesunt

103 1280 183 1345 intus
204 1282 240 1348 in
265 1305 413 1368 corpore,
439 1307 578 1368 quorum
593 1284 723 1350 utilitas
747 1291 870 1369 quanta
893 1286 938 1350 sit
962 1309 981 1350 a
1003 1285 1140 1350 medicis
1156 1284 1256 1350 etiam

103 1384 283 1468 disputatur
293 1435 304 1468 ,
329 1387 395 1460 clia
418 1396 529 1452 autem
553 1388 679 1452 nullum
702 1389 743 1454 ob
768 1389 948 1452 utilitatem
973 1389 1069 1473 quasi
1089 1388 1131 1452 ad
1155 1410 1255 1473 quen·

104 1486 168 1550 dam
191 1495 358 1566 ornatum,
382 1496 422 1552 ut
445 1489 549 1552 cauda
571 1488 709 1575 pavoni,
734 1489 866 1574 plumae
889 1489 1105 1553 versicolores
1130 1491 1255 1554 colum-

102 1587 156 1666 his,
181 1589 260 1656 viris
284 1611 446 1655 mammae
470 1597 570 1674 atque
594 1590 708 1656 barba.
735 1590 799 1675 (19)
823 1589 915 1658 Haec
940 1590 1096 1656 dicuntur
1114 1590 1255 1654 fortasse

102 1688 248 1771 ieiunius3
285 1699 365 1759 sunt
397 1692 484 1758 enim
511 1692 606 1776 quasi
627 1692 734 1778 prima
757 1695 921 1768 elementa
945 1700 1102 1774 naturae,
1136 1693 1255 1778 quibus

104 1793 225 1860 ubertas
250 1795 409 1863 orationis
433 1796 584 1862 adhiberi
607 1797 664 1861 vir
685 1804 810 1882 potest,
835 1819 896 1862 nec
920 1797 1072 1882 equidem
1096 1819 1167 1860 eam
1201 1818 1254 1860 co·

102 1895 164 1979 gito
187 1899 390 1964 consectari:
430 1908 680 1964 verumtamen
713 1922 788 1964 eum
820 1901 860 1964 de
892 1901 995 1965 rebus
1023 1899 1254 1984 grandioribus
1346 1951 1347 1954 ι

102 1999 191 2078 dicas,
215 2003 311 2087 ipsae
327 2024 378 2067 res
395 2003 496 2068 verba
510 2003 660 2087 rapiunt:
686 2004 734 2068 ita
749 2005 789 2067 fit
805 2026 880 2068 cum
903 2004 1034 2088 gravior
1056 2012 1129 2067 tum
1152 1986 1252 2065 etiam

102 2105 299 2186 splendidior
322 2106 440 2170 oratic.
485 2107 549 2169 Est
570 2115 609 2170 ut
632 2105 725 2185 dicis,
750 2105 884 2190 inquam
891 2131 900 2182 ς
926 2106 985 2169 sed
1008 2114 1119 2168 tamen
1143 2127 1252 2183 omne,

101 2205 179 2286 quod
203 2207 243 2272 de
270 2227 305 2270 re
328 2208 417 2273 bonu
440 2207 583 2272 dilucide
607 2207 748 2286 dieitur,
781 2207 863 2271 mihi
885 2207 1051 2292 praeclare
1076 2205 1140 2272 dici
1163 2205 1253 2273 vide·

100 2312 156 2372 tur.
200 2310 309 2374 Istius
333 2311 422 2374 modi
445 2319 557 2375 autem
584 2333 636 2375 res
659 2310 769 2375 dicere
793 2317 908 2375 ornate
930 2310 1018 2375 velle
1040 2309 1167 2394 puerile
1190 2317 1252 2386 est,

101 2410 186 2492 plane
202 2420 317 2478 autem
335 2421 369 2478 et
391 2414 563 2500 perspicue
587 2413 739 2499 expedire
763 2436 860 2498 posse
884 2412 976 2477 docti
998 2421 1033 2478 et
1055 2412 1254 2502 intellegen-

29 2555 31 2566 .
101 2513 138 2575 tis
158 2515 230 2578 viri.

176 2617 241 2682 vl.
293 2614 359 2700 (20)
382 2616 638 2702 Progrediamur
661 2617 775 2702 igitur,
801 2618 967 2701 quoniam,
991 2617 1111 2708 inquit,
1136 2617 1252 2682 abhis

100 2777 180 2826 mente
197 2773 376 2844 complexum.
412 2771 445 2826 ds
463 2775 519 2827 nat.
538 2771 610 2826 deor.
628 2772 659 2826 11
677 2778 718 2835 14,
737 2777 770 2826 38
788 2773 908 2828 mundus
926 2773 1056 2844 quoniam
1074 2773 1166 2828 omnia
1183 2790 1254 2827 oom-

99 2839 182 2907 plerns
200 2846 243 2897 est
262 2841 330 2896 ‘weil
347 2841 391 2896 die
408 2839 482 2896 Wclt
499 2841 563 2906 alles
580 2840 610 2894 in
628 2841 686 2895 sich
705 2841 792 2896 fasst’.

159 2909 206 2968 18.
243 2912 347 2966 Artes
374 2910 478 2967 etiam
506 2910 600 2980 ipsas
628 2915 677 2965 eto.
712 2911 751 2965 lle
769 2912 807 2965 ist
825 2910 896 2968 wohl
913 2930 965 2965 nur
983 2911 1090 2966 Ciceros
1108 2908 1253 2972 Versehen,

100 2994 167 3032 weun
185 2979 228 3035 dio
247 2978 485 3034 wissenschaften
501 2978 559 3033 und
576 2977 686 3034 Kiinste
704 2983 785 3036 nnter
802 2978 846 3033 die
863 2980 951 3050 prima
969 2983 1084 3034 naturae
1109 2979 1254 3050 gerechnet

100 3047 204 3104 werden.
277 3065 336 3102 nos
359 3072 383 3094 =
406 3047 538 3102 homines.
620 3051 712 3104 ntea
754 3049 1253 3119 ueesuntintusincorpore.

100 3112 143 3168 Die
159 3116 272 3173 inneren
289 3116 382 3171 Theile
399 3115 446 3170 des
464 3115 585 3186 Kdrpers
603 3116 709 3170 werden
727 3135 741 3171 e
760 3116 854 3172 enfalls
873 3116 912 3170 ala
924 3117 1056 3187 Beispiele
1074 3116 1156 3172 datur
1173 3134 1252 3186 ange·

100 3181 176 3250 liihrt,
194 3186 260 3242 dass
278 3183 322 3239 die
339 3185 432 3240 Natur
450 3184 489 3238 sie
506 3204 553 3240 um
572 3183 645 3238 ihtes
663 3185 767 3240 Nutzes
786 3183 874 3239 willon
891 3185 1041 3253 geschenlrt
1058 3185 1141 3250 habe,
1160 3184 1251 3238 indem

100 3248 223 3311 disselben
243 3253 297 3308 den
314 3256 431 3310 Aerzten
448 3252 627 3324 Gelegenheit
649 3271 682 3308 au
709 3252 987 3312 wissenschaftlioheu
1004 3253 1252 3333 Untersuohungen

99 3319 184 3387 geben.
255 3326 294 3376 ut
311 3321 419 3377 cauda
435 3322 562 3394 pavoni
580 3325 630 3376 etc.
666 3321 743 3377 Ohne
761 3321 868 3376 Zweifel
885 3321 935 3376 hat
952 3321 1008 3376 (lio.
1027 3321 1100 3376 diese
1116 3321 1250 3392 Beispiele

100 3404 142 3441 ens
158 3391 258 3462 Chrysi
276 3409 308 3461 ps
327 3391 465 3448 Schriften
483 3389 615 3445 eutlehnt.

158 3459 205 3516 19.
242 3410 957 3516 abstruserationis‘einebluhendsDarstsll
1022 3493 1032 3516 .
1084 3457 1249 3526 ipsaeres

99 3526 193 3582 verba
209 3529 368 3599 rapiunt:
387 3528 430 3584 die
447 3528 634 3585 Erhabenheit
654 3528 700 3584 des
718 3528 818 3583 Stoffes
836 3528 930 3583 macht
947 3544 998 3582 auc
1036 3526 1090 3580 den
1107 3525 1252 3580 Ausdrnck

98 3592 244 3652 uhebensr.

159 3682 395 3740 Sohttzensuerth
413 3683 475 3738 sind
494 3681 648 3754 diejenigen
665 3683 702 3738 Di
741 3701 769 3746 e,
788 3682 886 3738 welche
904 3681 1038 3736 entweder
1056 3679 1141 3736 selbst
1158 3684 1251 3737 natur·

98 3753 195 3814 semna
223 3750 286 3806 sind
313 3751 377 3806 oder
403 3756 486 3808 etwas
513 3751 730 3808 Schiitacnswert
750 3769 779 3806 es
805 3750 948 3808 bewirken.
982 3751 1071 3809 Ihnen
1096 3749 1251 3820 gegsntber

98 3816 183 3874 stehen
201 3820 245 3876 die
263 3820 340 3876 nicht
368 3820 631 3876 schitaenswerthen
657 3821 754 3891 Dinge.
789 3820 842 3876 Die
870 3823 990 3876 crateren
1014 3817 1078 3876 sind
1104 3838 1152 3874 um
1178 3817 1251 3878 ihrer

98 3885 173 3944 selbst
189 3889 279 3946 willon
296 3908 331 3944 zu
348 3889 461 3953 wdhlen,
479 3889 524 3943 die
541 3889 659 3952 anderen
676 3908 711 3946 an
737 3889 893 3945 verwerfen.
928 3888 966 3944 ns
993 3888 1032 3943 ist
1057 3906 1154 3944 unsere
1180 3890 1251 3944 crsts

98 3951 198 4022 Priene,
217 3977 270 4014 uns
288 3958 327 4014 im
345 3957 518 4014 natiirliohen
536 3958 676 4014 Zustande
694 3977 728 4012 zu
746 3957 878 4021 erhalten,
896 3975 993 4012 unsere
1009 3956 1112 4020 aweite,
1132 3957 1181 4016 des
1193 3955 1249 4012 Na-

98 4024 259 4094 suemus
275 4027 467 4082 ausauwiihlen
484 4027 542 4082 und
561 4027 610 4082 das
628 4025 792 4097 Gegenthsil
819 4026 909 4085 daven
935 4045 970 4082 au
996 4027 1149 4082 verwerfen.
1184 4025 1250 4084 Erst

99 4083 175 4174 42¹1?ss
189 4115 267 4178 weun
284 4094 341 4156 tiss
360 4095 412 4160 auf
430 4095 644 4177 gleichrndssige
669 4095 727 4153 und
753 4098 959 4222 naturgomiisse
984 4093 1085 4178 Weiss„
1120 4091 1248 4154 eschieht,

98 4156 204 4236 homst
220 4164 266 4230 dre
283 4164 466 4228 Erkeantnns
485 4183 539 4222 von
557 4163 618 4223 dem
635 4163 735 4228 Wesen
760 4163 808 4223 des
834 4167 931 4227 uter.
966 4163 1025 4220 Das
1050 4163 1088 4224 hc
1138 4166 1165 4220 te
1191 4161 1249 4222 Gut

99 4232 131 4282 Μ
147 4230 183 4288 im
200 4233 397 4304 Sittliohguten
416 4232 576 4304 begriindet.
611 4233 662 4299 (Oa
681 4273 688 4287 .
708 4235 746 4300 6.)

160 4297 209 4357 20.
246 4304 422 4373 quoniam,
439 4302 572 4374 inquit:
592 4321 640 4356 rur
658 4253 782 4374 §tellung
799 4321 853 4358 von
871 4301 963 4372 inquit
981 4301 1035 4374 vgl
1052 4318 1075 4354 e.
1094 4304 1118 4363 3,
1136 4302 1170 4352 =10
1187 4298 1248 4354 vide
