3020 4948
356 326 418 383 Iam.
437 327 492 383 111.
527 327 593 384 (len.
612 327 781 382 vll-Vm.
817 329 847 393 ἐξ
866 332 976 384 26-29.
1186 335 1246 396 139

94 498 185 562 batur
207 520 249 562 ex
271 497 312 562 iis
335 499 475 578 duobus,
501 519 585 582 quae
609 506 703 564 crant
726 505 878 585 sumpta,
912 501 947 563 in
978 522 1017 563 eo
1049 500 1141 566 vides
1174 523 1245 566 esse

93 601 292 666 conclusum.
336 603 485 666 Duorum
509 608 638 679 autem,
663 623 681 666 e
704 603 824 687 quibus
847 604 967 668 effecta
990 605 1158 669 conclusio
1183 609 1245 685 cst,

32 715 33 718 ’
92 710 200 767 contra
222 703 375 788 superius
398 704 465 768 dici
488 704 575 767 solet
598 726 665 768 non
688 705 933 769 omnebonum
956 725 1028 770 esse
1059 705 1245 784 laudabile;

32 823 35 846 ³
91 827 160 870 mm
182 804 274 888 quod
297 804 462 869 laudabile
495 805 559 884 sit,
592 807 770 870 honestum
803 827 875 870 esse
908 805 1109 878 conceditur.
1155 807 1247 872 Illud

31 967 32 986 ξ
93 913 195 970 autem
218 905 471 991 perabsurdum,
497 908 622 971 bonnm
646 929 723 971 esse
742 906 878 992 aliquid,
904 907 992 991 quod
1007 931 1074 972 non
1089 916 1246 994 expeten-

92 1009 160 1074 dum
176 1008 232 1088 sit,
260 1016 320 1073 aut
336 1008 569 1093 expetendum,
595 1011 684 1093 quod
706 1032 772 1074 non
795 1009 942 1094 placens,
966 1017 1035 1088 aut,
1061 1011 1088 1074 si
1111 1011 1155 1090 id,
1180 1034 1248 1076 non

92 1111 183 1176 etiam
206 1112 432 1196 diligendum:
458 1135 538 1197 ergo
562 1118 596 1177 et
617 1112 843 1198 probandum:
868 1111 917 1178 ita
940 1112 1039 1178 ctiam
1061 1114 1244 1182 laudabile:

42 1205 48 1228 ’Δ
92 1215 120 1278 id
140 1223 252 1280 autem
276 1217 467 1280 honestum.
514 1216 570 1280 Ita
592 1217 631 1280 fit
655 1225 713 1294 ut,
743 1215 831 1300 quod
854 1217 979 1281 bonum
1001 1217 1066 1295 sit,
1090 1217 1125 1280 id
1148 1217 1247 1282 etiam

40 1359 42 1370 ι
91 1318 263 1382 honestum
286 1317 342 1382 sit.
390 1316 455 1402 (28)
478 1317 607 1383 Deinde
632 1339 762 1403 quaero,
788 1318 861 1401 quis
884 1325 943 1382 ant
966 1318 1147 1383 demisere
1178 1319 1248 1384 vita

95 1420 191 1503 possit
213 1419 353 1504 gloriari
375 1428 434 1484 aut
457 1420 497 1486 de
521 1442 588 1484 non
610 1421 729 1488 beata?
774 1421 824 1484 De
849 1422 920 1484 sola
941 1419 1046 1504 igitur
1069 1421 1181 1486 beata:
1207 1443 1248 1486 ex

39 1539 48 1588 ῖ,
94 1543 148 1603 quo
171 1517 319 1586 efficitur
341 1521 558 1606 gloriatione,
588 1526 627 1585 ut
649 1522 697 1586 ita
720 1521 838 1600 dicam,
864 1521 998 1606 dignam
1021 1544 1092 1586 esse
1115 1523 1247 1587 beatum

30 1627 32 1632 ’
94 1623 197 1703 vitam,
216 1625 316 1709 quod
339 1646 407 1688 non
428 1625 536 1710 possit
558 1625 622 1688 nisi
645 1628 806 1689 honestae
834 1624 923 1690 vitae
946 1625 1016 1689 iure
1040 1626 1245 1711 contingere.

94 1723 141 1789 lta
161 1727 201 1790 fit
223 1735 264 1790 ut
288 1728 431 1791 honesta
454 1727 524 1790 vita
547 1727 646 1792 beata
669 1726 738 1790 vita
762 1727 817 1790 sit.
865 1727 911 1791 Et
934 1727 1089 1811 quoniam
1117 1728 1164 1807 is,
1196 1728 1249 1792 cui

30 1895 34 1912 .
95 1831 253 1914 contingit
275 1838 315 1894 ut
337 1831 407 1894 iure
431 1830 596 1910 laudetur,
621 1831 725 1896 habet
747 1831 877 1915 insigne
902 1829 1058 1913 quiddam
1082 1831 1124 1895 ad
1148 1832 1248 1897 decus

29 1917 31 1970 3
95 1935 182 1999 etad
206 1935 370 2019 gloriam,
396 1938 434 1997 ut
456 1935 498 1998 ob
522 1956 578 2013 ea,
605 1956 687 2019 quae
710 1942 805 1998 tanta
829 1933 915 2013 sint,
950 1935 1066 1998 beatus
1091 1934 1156 1998 dici
1178 1935 1247 1999 iure

29 2027 32 2044 ’
93 2037 209 2119 possit,
242 2037 334 2101 idem
367 2036 408 2100 de
439 2036 509 2100 vita
537 2036 614 2099 talis
638 2036 699 2100 viri
721 2035 906 2099 rectissime
930 2035 1070 2100 dicetur.
1116 2036 1190 2114 Ita,
1220 2037 1249 2100 si

29 2203 31 2226 ἶ
93 2138 181 2204 beata
203 2140 278 2204 vita
301 2141 478 2204 honestate
502 2139 656 2218 cernitur,
681 2138 771 2222 quod
793 2139 973 2202 honestum
989 2144 1051 2216 est,
1075 2137 1109 2201 id
1125 2138 1249 2202 bonum

94 2243 190 2308 solum
213 2242 408 2308 habendum
433 2252 497 2308 est.
544 2241 609 2326 (29)
640 2241 729 2305 Quid
752 2247 852 2308 vero?
884 2240 1032 2324 negarin'
1057 2241 1126 2304 ullo
1149 2241 1247 2304 modo

94 2346 199 2429 possit,
224 2369 383 2431 nunqnam
408 2366 607 2429 quemquam
630 2344 744 2408 stabili
768 2352 802 2407 et
825 2344 919 2408 firmo
937 2351 971 2406 et
987 2364 1107 2427 magno
1125 2340 1251 2422 animo,

95 2534 122 2588 dl
133 2537 242 2611 χαρτὸν
265 2534 386 2609 σεμνόν·
406 2536 436 2591 τὸ
457 2535 488 2589 δὲ
509 2535 614 2607 σεμνὸν
633 2532 730 2588 καλὸν.
811 2531 899 2603 quod
917 2532 1005 2586 enim
1022 2529 1248 2586 efficiebatur

95 2609 137 2657 eto.
157 2606 215 2659 Ans
234 2603 289 2658 den
307 2603 403 2658 beiden
422 2601 620 2657 Vordersiibzen
638 2601 675 2667 (A
688 2625 712 2648 ==
726 2602 792 2666 Β,Β
806 2627 830 2646 =
845 2601 877 2668 C)
896 2601 966 2671 folgt
984 2601 1036 2654 mit
1053 2599 1248 2669 Nothwendig·

94 2669 143 2726 leit
159 2673 205 2728 der
223 2672 338 2727 Schluss
355 2673 381 2726 A
394 2694 419 2718 =
433 2671 462 2726 O.
499 2672 539 2726 Zu
556 2671 709 2726 demselben
727 2671 837 2725 Schluss
855 2670 967 2742 gelangt
985 2688 1049 2724 man
1077 2669 1143 2725 eber
1169 2673 1249 2724 unter

95 2738 135 2794 der
150 2741 305 2804 Annahme
324 2739 387 2796 dass
405 2741 430 2796 A
448 2739 526 2794 nicht
548 2764 572 2788 =
595 2741 619 2793 B
638 2741 684 2794 sei.
709 2740 797 2794 Wenn
815 2740 935 2794 n'amlich
952 2740 978 2794 A
992 2763 1016 2784 =
1030 2739 1056 2792 D
1076 2738 1189 2804 (bonum
1207 2743 1249 2792 est

95 2809 158 2877 quod
175 2831 189 2867 e
227 2810 359 2866 etcndum
377 2812 438 2877 est),
457 2827 487 2862 oo
505 2809 543 2864 ist
560 2810 586 2864 D
601 2809 663 2864 ΞΕ
682 2808 871 2880 (expetendum
889 2813 932 2863 est
950 2807 1023 2878 quod
1040 2807 1148 2878 placet),
1166 2807 1247 2862 n=u

94 2878 169 2946 <quod
186 2883 286 3006 {iacet
305 2881 347 2933 est
365 2877 563 2949 diligendum),
589 2879 611 2932 F
627 2901 650 2923 =
665 2877 690 2932 G
709 2877 793 3000 (guod
812 2876 981 2948 diligendum
999 2879 1056 2940 est,
1075 2881 1117 2930 est
1153 2876 1248 2931 roban-

96 2945 171 3015 dum),
230 2949 295 3003 =B
315 2948 398 3018 (quod
416 2947 587 3018 probandum
606 2951 655 3011 est,
675 2949 716 3001 est
744 2947 894 3013 audabile);
917 2965 974 3000 nun
992 2945 1030 3000 ist
1047 2946 1071 3000 B
1086 2969 1110 2992 =
1165 2944 1250 3016 (quod

94 3012 220 3073 laudabile
239 3021 290 3079 est,
308 3021 350 3070 est
368 3017 533 3082 honestum),
551 3015 664 3086 solglioh
675 3018 700 3070 A
714 3039 738 3062 =
752 3015 782 3070 O.
800 3016 834 3069 In
852 3014 941 3071 dieser
952 3014 1182 3085 Beweisli'rhrung
1199 3014 1250 3068 hat

95 3082 143 3140 cic.
161 3087 225 3144 zwei
244 3085 361 3148 Glieder,
379 3086 402 3139 F
420 3085 477 3140 und
495 3085 528 3148 G,
548 3084 760 3156 eingeschoben‚
778 3083 843 3138 aber
860 3084 930 3140 ohne
949 3083 1053 3139 Zweifel
1072 3083 1161 3138 haben
1179 3083 1249 3138 auch

96 3150 133 3206 die
149 3155 283 3211 Grieohen
301 3153 360 3209 hier
378 3154 461 3209 achon
479 3153 518 3209 im
536 3154 682 3208 Ausdruck
719 3153 872 3208 eweohseltr
910 3153 1033 3228 ἐραστόν
1051 3152 1109 3206 und
1129 3152 1248 3208 ἀπόδεκ-

96 3241 137 3276 τον
155 3224 218 3280 oder
237 3225 423 3298 δοκιμαστόν.
443 3223 506 3292 Vgl.
526 3222 602 3278 stab.
622 3223 668 3276 ccl.
703 3223 716 3276 Ι
734 3226 787 3284 6,6
805 3241 832 3292 p.
848 3226 896 3275 126
915 3227 962 3275 καὶ
981 3227 1038 3276 πᾶν
1055 3224 1110 3309 μὲν
1131 3219 1249 3297 ἀγαθὸν

98 3294 203 3418 “ill
224 3289 309 3418 lte
321 3292 791 3417 lllllbtbffbllltlltl
809 3289 1250 3414 Μέθῗπιῗᾶἔὲιῖῗνῑῗθῖῗὲἔθῗῗωε

96 3432 194 3487 nonde
211 3432 294 3487 beata
312 3430 377 3486 oder
394 3434 444 3485 aut
462 3449 517 3484 non
535 3429 631 3494 beata,
660 3429 697 3485 ist
716 3429 764 3484 das
782 3378 928 3484 lirdienst
945 3426 1081 3496 Madvigs.
1117 3426 1162 3479 Sie
1180 3425 1251 3496 folgt

97 3499 143 3553 mit
158 3499 404 3570 Notbwendigkeit
423 3519 473 3554 aus
491 3500 570 3554 Tusc.
589 3499 668 3562 Vll,
681 3501 714 3552 49
732 3498 790 3552 Nec
807 3499 837 3552 in
855 3497 953 3552 misera
970 3495 1028 3551 vita
1047 3496 1192 3565 quicquam
1210 3497 1252 3548 est

112 3568 269 3625 medicabile
287 3574 337 3624 aut
354 3568 527 3640 gloriandum
545 3587 593 3622 neo
611 3568 641 3622 in
659 3586 705 3630 ea,
730 3585 799 3636 qnae
817 3585 867 3622 neo
894 3566 992 3620 misera
1020 3564 1057 3618 sit
1082 3581 1130 3618 nec
1157 3563 1248 3618 beate.

96 3583 136 3689 lle
153 3639 226 3694 sola
254 3638 364 3708 igitur
390 3638 501 3694 beata.
538 3637 635 3692 Dieser
652 3638 797 3760 Folgesatz
815 3635 937 3690 entsteht
955 3653 1005 3688 eus
1023 3634 1071 3688 der
1088 3630 1250 3714 einzusolric·

96 3701 195 3764 benden
213 3709 341 3763 Antwort
358 3707 409 3762 auf
423 3706 466 3762 dle
483 3705 690 3775 vorangehende
730 3724 809 3776 rago:
839 3703 977 3758 Niemand
994 3703 1069 3756 kann
1096 3702 1154 3755 sich
1178 3718 1250 3783 eines

98 3771 203 3832 elenden
221 3777 286 3831 oder
304 3775 375 3831 eines
393 3775 577 3846 gliickseligen
594 3775 700 3830 Lebens
718 3774 844 3829 riihmen.
925 3771 1149 3844 gloriatione.
1185 3771 1251 3824 Dres

97 3840 171 3899 wore
187 3844 339 3914 gebraucht
356 3845 412 3900 Cio.
431 3863 483 3899 nur
500 3844 559 3899 hier
577 3844 634 3899 und
651 3844 692 3897 IV
711 3848 752 3907 18,
771 3847 812 3897 50.
847 3843 918 3897 Dass
946 3859 975 3897 er
999 3861 1026 3896 es
1044 3860 1096 3895 nur
1114 3840 1166 3894 mit
1183 3840 1250 3894 Vor-

100 3909 164 3967 sieht
201 3915 340 3978 ebraucht,
359 3914 469 3969 beweist
487 3913 534 3968 der
552 3913 652 3968 Zusatz
671 3917 702 3967 ut
721 3912 761 3966 ita
779 3912 877 3966 dicam.
946 3910 1035 3981 quod
1053 3928 1119 3964 non
1136 3908 1252 3980 possit

99 3981 144 4059 ele.
161 3932 252 4038 bilden
270 3982 315 4039 die
333 4001 426 4038 assum
446 3983 494 4044 tio,
513 3983 602 4038 wofdr
620 4001 684 4037 man
702 3985 841 4036 erwartet:
860 3979 888 4034 id
908 3984 1000 4036 autem
1018 3998 1073 4034 non
1091 3981 1182 4059 potest
1200 3981 1250 4034 etc.

99 4045 246 4176 ngesfgbegro
262 4053 359 4109 Worte
389 4001 480 4106 finden
510 4052 567 4106 sich
594 4052 623 4108 in
656 4050 705 4106 der
733 4050 928 4122 Widerlegung
956 4050 1042 4104 dieses
1072 4047 1251 4118 syllogismus

162 4188 210 4244 29.
245 4208 414 4260 nunquam
432 4208 526 4260 quem
556 4207 638 4243 uam.
674 4188 726 4242 Die
744 4187 853 4243 Stciker
869 4188 1060 4258 beheupteten,
1079 4203 1155 4240 wenn
1173 4182 1251 4238 nicht

101 4250 143 4308 der
159 4255 221 4314 Sata
239 4260 378 4322 feststehe,
397 4260 459 4315 dass
478 4258 525 4313 der
562 4258 669 4312 ohmera
687 4257 751 4312 kein
762 4256 846 4312 Uobol
864 4257 909 4320 sei,
931 4275 959 4311 so
977 4255 1068 4310 kdnne
1085 4254 1148 4307 kein
1167 4251 1251 4323 tapse-

101 4338 139 4376 rer
155 4325 238 4383 Maon
256 4328 375 4398 gebildet
394 4329 509 4384 werden.
528 4328 599 4382 Dass
617 4344 758 4397 nunquam
776 4345 824 4382 vor
842 4343 1004 4396 quemquam
1023 4322 1100 4385 fehle,
1119 4321 1251 4378 erkannte
