2974 4950
274 323 338 386 250
511 321 560 374 Dll
578 320 729 376 nmmos
749 320 933 375 BONORUM
951 320 998 374 ΕΤ
1017 321 1208 376 MALORUM

277 490 447 575 ingenium
465 497 696 574 consumptum
714 491 862 555 videmus
877 490 911 555 in
927 491 1083 555 musicis?
1103 515 1168 576 quo
1181 492 1292 556 studio
1305 491 1414 554 Aristo·

274 593 1413 679 phanemputamusaetateminlitterisduxisse?QuiddePythagora?

274 695 352 779 quid
375 698 415 762 de
432 699 572 762 Platone
595 704 653 761 aut
676 696 716 760 de
737 695 927 760 Democrito
951 697 1087 780 loquat?
1111 719 1130 760 a
1154 697 1276 780 quibus
1299 701 1413 780 propter

273 799 421 864 discendi
444 800 669 885 cupiditatem.
683 798 831 862 videmus
856 799 989 862 ultimas
1008 806 1112 862 terras
1138 821 1214 862 esse
1230 805 1411 883 peragratas.

274 903 367 966 Quae
396 903 451 986 qui
478 926 544 967 non
572 902 688 966 vident
717 901 801 965 nihil
829 923 974 984 unquam
998 925 1155 984 magnum
1179 925 1219 966 ae
1244 900 1412 984 cognitione

272 1003 411 1088 dignum
434 1007 637 1069 amaverunt.
684 1006 796 1087 Atque
820 1005 974 1068 hocloco
998 1004 1053 1088 qui
1069 1011 1207 1088 propter
1225 1003 1323 1067 animi
1338 1001 1412 1064 volu·

271 1115 382 1194 ptates
416 1107 480 1171 coli
512 1107 628 1170 dicunt
661 1127 699 1170 ea
734 1107 859 1184 studia,
893 1128 976 1190 quae
1006 1107 1089 1185 dixi,
1130 1130 1200 1170 non
1231 1105 1412 1186 intellegunt

271 1209 394 1274 idcirco
419 1231 490 1274 esse
520 1230 558 1273 ea
586 1220 720 1293 propter
748 1231 783 1272 se
812 1211 1013 1293 expetenda,
1046 1210 1134 1294 quod
1164 1211 1260 1272 nulla
1286 1206 1411 1271 utilitate

271 1312 403 1397 obiecta
432 1313 639 1381 delectentur
666 1312 767 1376 animi
793 1320 894 1395 atque
923 1312 994 1396 ipsa
1016 1312 1173 1390 scientia,
1209 1312 1309 1376 etiam
1331 1309 1356 1371 si
1374 1306 1409 1368 in·

272 1415 519 1478 commodatura
542 1414 596 1493 sit,
621 1416 801 1498 gaudeant.
846 1413 910 1499 (51)
935 1416 1000 1479 Sed
1024 1415 1103 1498 quid
1126 1415 1252 1479 attinet
1273 1411 1408 1492 derebus

270 1523 341 1579 tam
364 1516 485 1600 apertis
508 1518 603 1600 plura
625 1518 809 1600 requirere?
854 1517 925 1601 Ipsi
949 1517 1035 1581 enim
1060 1539 1257 1600 quaeramus
1281 1510 1405 1584 anobis,

274 1619 445 1682 stellarum
462 1626 572 1682 motus
590 1619 952 1703 contemplationesque
968 1641 1077 1682 rerum
1097 1619 1294 1682 caelestium
1304 1633 1405 1679 eorun-

272 1741 335 1803 que
359 1720 520 1799 omnium,
551 1742 633 1803 quae
660 1727 797 1784 naturae
827 1721 1031 1784 obscuritate
1060 1723 1288 1798 occultantur,
1316 1711 1400 1797 cogni·

270 1821 378 1885 tiones
411 1841 508 1904 quem
545 1823 587 1885 ad
623 1814 757 1886 modum
795 1845 855 1885 nos
893 1828 1062 1902 moveant,
1102 1832 1136 1887 et
1176 1823 1257 1907 quid
1293 1813 1403 1883 historia

271 1926 426 2003 delectet,
452 1949 550 2009 quam
573 1927 716 1989 solemus
740 1926 892 2009 persequi
915 1949 1019 2009 usque
1043 1927 1084 1991 ad
1107 1933 1302 2002 extremum,
1328 1935 1402 2002 prae·

270 2028 424 2092 termissa
449 2027 649 2112 repetimuS,
682 2028 837 2091 incohata
863 2028 1101 2112 persequimur·
1140 2029 1223 2092 ,Nee
1252 2045 1318 2090 vero
1343 2036 1402 2080 sum

270 2131 400 2194 nescius
425 2153 496 2194 esse
520 2128 699 2194 utilitatem
721 2130 755 2194 in
787 2131 944 2208 historia,
978 2154 1044 2195 non
1075 2130 1175 2195 modo
1209 2128 1400 2210 voluptatem.

270 2233 379 2297 Quid?
405 2255 478 2297 cum
501 2234 595 2296 fictas
620 2232 759 2312 fabulas,
785 2255 801 2296 e
827 2233 945 2316 quibus
962 2233 1088 2296 utilitas
1104 2234 1200 2297 nulla
1216 2229 1288 2296 elici
1301 2227 1399 2311 polest

270 2358 343 2401 cum
367 2336 539 2421 voluptate
563 2336 726 2420 legimus?
771 2334 835 2420 (52)
860 2336 970 2402 Quid?
1004 2359 1077 2401 eum
1109 2337 1265 2400 volumus
1295 2323 1401 2393 nomint

270 2460 393 2518 eorum,
414 2439 469 2524 qui
486 2439 565 2521 quid
580 2437 755 2521 gesserint,
772 2446 851 2502 uota
865 2439 961 2503 nobis
978 2461 1060 2517 esse,
1082 2446 1251 2522 parentes,
1275 2427 1398 2516 patriam,

270 2543 375 2605 multa
403 2550 574 2624 praeterea
602 2541 734 2605 minime
762 2544 968 2610 necessaria?
1014 2543 1123 2606 Quid?
1159 2542 1250 2627 quod
1277 2529 1400 2600 homineS

247 2642 380 2706 ‘infima
402 2642 551 2721 fortuna,
582 2645 673 2706 nulla
696 2665 753 2728 spe
777 2665 884 2707 rerum
907 2646 1142 2728 gerendarum,
1180 2643 1309 2728 opifices
1330 2628 1399 2698 deui-

270 2768 332 2830 que
360 2747 571 2811 delectantur
599 2745 756 2812 historia?
789 2748 994 2831 maximeque
1029 2770 1084 2812 eos
1112 2749 1227 2813 videre
1253 2752 1398 2829 possuntts

267 2933 315 2986 der
333 2932 427 2986 Musih
444 2933 497 2986 mit
515 2931 561 2986 der
578 2932 752 3004 Philosophie
770 2951 804 2986 au
832 2933 984 2988 verbinden.
1021 2935 1083 3004 Vgl.
1101 2935 1182 2990 Tusa.
1201 2935 1216 2988 Ι
1235 2935 1274 2995 10,
1294 2915 1396 2981 191111151'·

169 3038 171 3044 ·
268 3021 315 3056 cus
333 3001 459 3071 idemque
495 3000 661 3072 hilosophus.
697 3002 950 3072 Aristophanes
968 3022 1018 3058 ans
1035 3005 1152 3074 Bycana,
1172 3021 1221 3058 um
1238 3004 1288 3053 264
1304 3015 1328 3049 v.
1343 2987 1394 3042 Chre

268 3070 379 3124 Sohiiler
397 3071 442 3124 des
483 3071 582 3125 enodot
599 3071 655 3125 und
674 3070 721 3124 des
738 3072 940 3135 Eratosthenes,
960 3071 1116 3126 berithmter
1128 3067 1333 3126 Grammatihen
1346 3052 1396 3134 Lll'

271 3155 314 3194 rer
332 3139 378 3194 des
395 3139 547 3201 Aristarch,
566 3139 715 3194 Vorsteher
732 3141 779 3194 der
796 3141 1046 3196 alexandrinischen
1064 3141 1228 3202 Bibliothek‚
1247 3130 1340 3192 muarb
1355 3119 1397 3177 neh

267 3208 411 3264 besondere
429 3208 588 3263 Verdieuste
606 3227 653 3264 um
672 3209 714 3264 die
733 3209 827 3263 Kritik
846 3210 892 3264 der
910 3209 1095 3264 homerisohen
1114 3210 1246 3278 Gesange.
1328 3197 1397 3267 acte·

267 3278 383 3332 temen
401 3276 536 3332 luteris
555 3277 709 3341 duxisse,
728 3279 936 3348 ungawannnen
956 3279 1001 3333 rar
1018 3279 1105 3348 egisse
1124 3279 1169 3345 <ce
1187 3279 1236 3346 ug.
1254 3274 1283 3330 ιι
1301 3276 1321 3332 1,
1337 3270 1350 3317 3
1365 3260 1396 3312 ¹11⁰

267 3347 321 3400 lere
339 3349 456 3400 aetatem
508 3347 532 3400 it
549 3345 578 3399 in
595 3347 706 3413 litteris)
734 3347 798 3400 oder
824 3347 870 3402 fur
896 3349 1050 3402 traduxisse
1077 3347 1196 3414 (desen.
1215 3350 1255 3408 23,
1274 3345 1304 3394 82
1327 3341 1396 3388 ”⁰³³⁰

266 3417 352 3470 multo
371 3415 466 3470 melius
497 3415 589 3476 uisset,
609 3415 725 3470 otiosam
744 3419 863 3470 aetatem
881 3419 909 3470 et
927 3417 1049 3488 quietam
1067 3417 1126 3470 sine
1143 3418 1198 3472 ullo
1210 3417 1259 3468 aut
1270 3395 1396 3464 laborent

266 3483 440 3538 contentione
457 3482 635 3550 traduceret).
725 3485 865 3538 ultimas
884 3491 995 3540 terras
1014 3503 1087 3540 esse
1104 3484 1318 3556 peragratas:
1335 3469 1395 3522 'ruso

266 3553 307 3607 IV
321 3557 360 3617 19,
371 3557 405 3605 44
422 3552 534 3606 ultimas
552 3556 638 3606 terras
656 3553 785 3608 lustrasse
804 3553 990 3624 Pythagoran,
1008 3555 1203 3618 Democritum,
1221 3548 1396 3620 Flammaque·

266 3600 1396 3760 atarraconenaaa?trarautaacrut

266 3758 467 3826 eingewandert
484 3760 538 3822 ist,
566 3759 629 3814 dass
647 3733 786 3814 Demooiit
803 3761 834 3814 in
850 3710 992 3832 Adgyplien
1009 3760 1067 3814 und
1085 3761 1195 3832 Persian
1212 3740 1395 3827 rraru11dd⁸⁸s

265 3826 346 3880 Plato
363 3829 505 3898 Aegypton
523 3829 579 3882 und
597 3828 873 3898 Grossgrieohenlaud
892 3830 1005 3885 besuoht
1023 3830 1079 3884 hat.
1176 3829 1264 3894 Quae
1280 3833 1331 3901 qul
1345 3819 1394 3891 {¹⁰¹²

266 3895 383 3949 vident
410 3901 472 3952 ‘wer
489 3897 554 3960 das,
581 3915 635 3952 was
651 3897 713 3966 jone
731 3898 847 3953 Mtnner
883 3899 966 3953 ethan
984 3898 1089 3963 haben,
1116 3899 1194 3952 nicht
1219 3913 1252 3948 zu
1277 3880 1394 3954 wmdrgffl}

266 3964 360 4044 qeiss'.
446 3965 737 4046 incommodatura
755 3966 814 4020 sit:
842 3915 882 4020 cd
895 3967 988 4034 Quint.
1007 3967 1041 4022 fr.
1059 3969 1116 4030 12,
1136 3941 1394 4045 loatqucita,m1h}

266 4032 375 4087 drcebat
392 4032 511 4096 Flauus,
530 4038 660 4105 sonptum
678 4035 706 4089 in
725 4053 756 4088 ea
774 4035 889 4106 epistula
908 4065 949 4102 -,
967 4038 995 4091 te
1012 4039 1061 4090 aut
1079 4037 1157 4107 quasi
1174 4048 1265 4090 amrcrs
1282 4029 1332 4079 turs
1346 4025 1385 4084 Ψ

265 4101 320 4156 tias
338 4103 463 4156 acturum
481 4107 530 4158 aut
547 4103 625 4172 quasi
642 4103 761 4158 inimicis
778 4105 1053 4160 incommodaturum.
1379 4138 1391 4192 d

335 4171 383 4225 51.
410 4171 655 4242 praetermissa
672 4191 707 4226 re
737 4173 863 4227 etimus
881 4177 931 4229 etc.
949 4174 1130 4244 Asyndetisch
1148 4171 1213 4228 vird
1231 4157 1377 4221 dieArlun

265 4238 354 4294 Weise
372 4239 542 4364 angqgeben,
570 4241 619 4296 wie
636 4241 685 4296 wir
721 4242 746 4295 ie
763 4241 924 4316 Gesohichte
942 4243 983 4298 bis
1002 4262 1050 4298 zur
1073 4245 1225 4298 tuamen
1241 4234 1333 4288 urenae
1348 4227 1390 4270 Vll

265 4307 363 4379 folgen.
451 4311 536 4366 ictas
556 4309 693 4365 fabulas
712 4329 732 4364 s.
752 4329 786 4364 zu
803 4311 818 4365 I
836 4316 877 4376 20,
897 4317 938 4370 et.
