<?xml version="1.0" encoding="UTF-8"?>
<!DOCTYPE html PUBLIC "-//W3C//DTD XHTML 1.0 Transitional//EN"
    "http://www.w3.org/TR/xhtml1/DTD/xhtml1-transitional.dtd">
<html xmlns="http://www.w3.org/1999/xhtml" xml:lang="en" lang="en">
 <head>
  <title>
</title>
<meta http-equiv="Content-Type" content="text/html;charset=utf-8" />
  <meta name='ocr-system' content='tesseract 3.04.00' />
  <meta name='ocr-capabilities' content='ocr_page ocr_carea ocr_par ocr_line ocrx_word'/>
</head>
<body>
  <div class='ocr_page' id='page_1' title='image "./definibusbonoru00holsgoog_0081.png"; bbox 0 0 3020 4948; ppageno 0'>
   <div class='ocr_carea' id='block_1_1' title="bbox 433 247 1303 377">
    <p class='ocr_par' dir='ltr' id='par_1_1' title="bbox 433 247 1303 377">
     <span class='ocr_line' id='line_1_1' title="bbox 433 247 1303 377; baseline -0.002 -26"><span class='ocrx_word' id='word_1_1' title='bbox 433 297 498 354; x_wconf 79' lang='lat' dir='ltr'><strong>Iun.</strong></span> <span class='ocrx_word' id='word_1_2' title='bbox 514 297 552 352; x_wconf 89' lang='lat'><strong>11.</strong></span> <span class='ocrx_word' id='word_1_3' title='bbox 589 293 797 377; x_wconf 57' lang='lat' dir='ltr'><strong>(law-VJ.</strong></span> <span class='ocrx_word' id='word_1_4' title='bbox 834 297 863 362; x_wconf 71' lang='lat'><strong>§5</strong></span> <span class='ocrx_word' id='word_1_5' title='bbox 884 247 993 351; x_wconf 70' lang='lat' dir='ltr'><strong>14-1t.</strong></span> <span class='ocrx_word' id='word_1_6' title='bbox 1263 303 1303 364; x_wconf 76' lang='lat'><strong>57</strong></span> 
     </span>
    </p>
   </div>
   <div class='ocr_carea' id='block_1_2' title="bbox 127 468 1304 1768">
    <p class='ocr_par' dir='ltr' id='par_1_2' title="bbox 127 468 1304 1768">
     <span class='ocr_line' id='line_1_2' title="bbox 127 468 1304 553; baseline 0.002 -21"><span class='ocrx_word' id='word_1_7' title='bbox 127 468 349 551; x_wconf 85' lang='lat' dir='ltr'><strong>voluptatem</strong></span> <span class='ocrx_word' id='word_1_8' title='bbox 371 475 470 552; x_wconf 88' lang='lat' dir='ltr'><strong>putat</strong></span> <span class='ocrx_word' id='word_1_9' title='bbox 492 469 738 553; x_wconf 83' lang='lat' dir='ltr'><strong>adiungendam</strong></span> <span class='ocrx_word' id='word_1_10' title='bbox 761 490 844 546; x_wconf 84' lang='lat' dir='ltr'><strong>eam,</strong></span> <span class='ocrx_word' id='word_1_11' title='bbox 871 490 953 553; x_wconf 82' lang='lat' dir='ltr'><strong>quae</strong></span> <span class='ocrx_word' id='word_1_12' title='bbox 977 469 1021 532; x_wconf 89' lang='lat' dir='ltr'><strong>sit</strong></span> <span class='ocrx_word' id='word_1_13' title='bbox 1039 469 1073 533; x_wconf 91' lang='lat' dir='ltr'><strong>in</strong></span> <span class='ocrx_word' id='word_1_14' title='bbox 1089 478 1183 534; x_wconf 85' lang='lat' dir='ltr'><strong>motu</strong></span> <span class='ocrx_word' id='word_1_15' title='bbox 1199 493 1240 518; x_wconf 93' lang='lat'><strong>-·</strong></span> <span class='ocrx_word' id='word_1_16' title='bbox 1256 469 1304 534; x_wconf 84' lang='lat' dir='ltr'><strong>sio</strong></span> 
     </span>
     <span class='ocr_line' id='line_1_3' title="bbox 131 570 1304 654; baseline 0.002 -20"><span class='ocrx_word' id='word_1_17' title='bbox 131 571 224 634; x_wconf 88' lang='lat' dir='ltr'><strong>enim</strong></span> <span class='ocrx_word' id='word_1_18' title='bbox 249 571 398 654; x_wconf 83' lang='lat' dir='ltr'><strong>appellat</strong></span> <span class='ocrx_word' id='word_1_19' title='bbox 420 572 504 634; x_wconf 88' lang='lat' dir='ltr'><strong>hano</strong></span> <span class='ocrx_word' id='word_1_20' title='bbox 528 571 671 650; x_wconf 79' lang='lat' dir='ltr'><strong>dulcem,</strong></span> <span class='ocrx_word' id='word_1_21' title='bbox 695 571 730 634; x_wconf 92' lang='lat' dir='ltr'><strong>in</strong></span> <span class='ocrx_word' id='word_1_22' title='bbox 753 577 857 650; x_wconf 90' lang='lat' dir='ltr'><strong>motu,</strong></span> <span class='ocrx_word' id='word_1_23' title='bbox 882 570 973 634; x_wconf 87' lang='lat' dir='ltr'><strong>illam</strong></span> <span class='ocrx_word' id='word_1_24' title='bbox 989 571 1073 635; x_wconf 89' lang='lat' dir='ltr'>nihil</span> <span class='ocrx_word' id='word_1_25' title='bbox 1090 572 1245 650; x_wconf 85' lang='lat' dir='ltr'><strong>dolentis,</strong></span> <span class='ocrx_word' id='word_1_26' title='bbox 1269 571 1304 636; x_wconf 91' lang='lat' dir='ltr'><strong>in</strong></span> 
     </span>
     <span class='ocr_line' id='line_1_4' title="bbox 137 671 1304 758; baseline 0.002 -22"><span class='ocrx_word' id='word_1_27' title='bbox 137 672 325 737; x_wconf 65' lang='lat' dir='ltr'><strong>stabilitate</strong></span> <span class='ocrx_word' id='word_1_28' title='bbox 348 711 402 748; x_wconf 84' lang='lat'><strong>-,</strong></span> <span class='ocrx_word' id='word_1_29' title='bbox 427 673 507 756; x_wconf 91' lang='lat' dir='ltr'><strong>quid</strong></span> <span class='ocrx_word' id='word_1_30' title='bbox 529 671 661 738; x_wconf 83' lang='lat' dir='ltr'><strong>tendit?</strong></span> <span class='ocrx_word' id='word_1_31' title='bbox 691 695 764 738; x_wconf 84' lang='lat' dir='ltr'><strong>oum</strong></span> <span class='ocrx_word' id='word_1_32' title='bbox 794 676 921 738; x_wconf 83' lang='lat' dir='ltr'><strong>efficere</strong></span> <span class='ocrx_word' id='word_1_33' title='bbox 951 697 1016 738; x_wconf 90' lang='lat' dir='ltr'><strong>non</strong></span> <span class='ocrx_word' id='word_1_34' title='bbox 1039 676 1146 758; x_wconf 84' lang='lat' dir='ltr'><strong>possit</strong></span> <span class='ocrx_word' id='word_1_35' title='bbox 1173 682 1212 739; x_wconf 91' lang='lat' dir='ltr'><strong>ut</strong></span> <span class='ocrx_word' id='word_1_36' title='bbox 1236 674 1304 740; x_wconf 87' lang='lat' dir='ltr'><strong>oui·</strong></span> 
     </span>
     <span class='ocr_line' id='line_1_5' title="bbox 136 775 1303 861; baseline 0.003 -22"><span class='ocrx_word' id='word_1_37' title='bbox 136 799 252 860; x_wconf 86' lang='lat' dir='ltr'><strong>quam,</strong></span> <span class='ocrx_word' id='word_1_38' title='bbox 284 776 341 859; x_wconf 91' lang='lat' dir='ltr'><strong>qui</strong></span> <span class='ocrx_word' id='word_1_39' title='bbox 363 776 432 861; x_wconf 84' lang='lat' dir='ltr'><strong>ipse</strong></span> <span class='ocrx_word' id='word_1_40' title='bbox 462 775 526 840; x_wconf 84' lang='lat' dir='ltr'><strong>sibi</strong></span> <span class='ocrx_word' id='word_1_41' title='bbox 548 783 648 841; x_wconf 87' lang='lat' dir='ltr'><strong>notus</strong></span> <span class='ocrx_word' id='word_1_42' title='bbox 672 776 732 856; x_wconf 89' lang='lat' dir='ltr'><strong>sit,</strong></span> <span class='ocrx_word' id='word_1_43' title='bbox 765 779 830 841; x_wconf 88' lang='lat' dir='ltr'><strong>hoo</strong></span> <span class='ocrx_word' id='word_1_44' title='bbox 854 783 920 855; x_wconf 89' lang='lat' dir='ltr'><strong>est,</strong></span> <span class='ocrx_word' id='word_1_45' title='bbox 951 776 1007 861; x_wconf 89' lang='lat' dir='ltr'><strong>qui</strong></span> <span class='ocrx_word' id='word_1_46' title='bbox 1035 800 1128 841; x_wconf 86' lang='lat' dir='ltr'><strong>enam</strong></span> <span class='ocrx_word' id='word_1_47' title='bbox 1151 785 1303 843; x_wconf 85' lang='lat' dir='ltr'><strong>naturam</strong></span> 
     </span>
     <span class='ocr_line' id='line_1_6' title="bbox 135 878 1304 965; baseline 0.003 -23"><span class='ocrx_word' id='word_1_48' title='bbox 135 901 339 963; x_wconf 78' lang='lat' dir='ltr'>sensumque</span> <span class='ocrx_word' id='word_1_49' title='bbox 357 879 573 964; x_wconf 82' lang='lat' dir='ltr'><strong>perspexerit,</strong></span> <span class='ocrx_word' id='word_1_50' title='bbox 598 880 745 944; x_wconf 72' lang='lat' dir='ltr'><strong>vacuitas</strong></span> <span class='ocrx_word' id='word_1_51' title='bbox 763 878 885 944; x_wconf 85' lang='lat' dir='ltr'><strong>doloris</strong></span> <span class='ocrx_word' id='word_1_52' title='bbox 905 887 939 944; x_wconf 89' lang='lat' dir='ltr'><strong>et</strong></span> <span class='ocrx_word' id='word_1_53' title='bbox 954 881 1109 965; x_wconf 84' lang='lat' dir='ltr'><strong>voluptas</strong></span> <span class='ocrx_word' id='word_1_54' title='bbox 1127 881 1216 945; x_wconf 91' lang='lat' dir='ltr'><strong>idem</strong></span> <span class='ocrx_word' id='word_1_55' title='bbox 1232 903 1304 946; x_wconf 88' lang='lat' dir='ltr'><strong>esse</strong></span> 
     </span>
     <span class='ocr_line' id='line_1_7' title="bbox 137 983 1304 1068; baseline 0.002 -21"><span class='ocrx_word' id='word_1_56' title='bbox 137 983 303 1047; x_wconf 82' lang='lat' dir='ltr'><strong>videatur.</strong></span> <span class='ocrx_word' id='word_1_57' title='bbox 337 983 409 1046; x_wconf 87' lang='lat' dir='ltr'><strong>Hoo</strong></span> <span class='ocrx_word' id='word_1_58' title='bbox 426 989 477 1046; x_wconf 87' lang='lat' dir='ltr'><strong>est</strong></span> <span class='ocrx_word' id='word_1_59' title='bbox 492 983 559 1046; x_wconf 87' lang='lat' dir='ltr'><strong>vim</strong></span> <span class='ocrx_word' id='word_1_60' title='bbox 575 983 700 1062; x_wconf 85' lang='lat' dir='ltr'><strong>afferre,</strong></span> <span class='ocrx_word' id='word_1_61' title='bbox 721 983 899 1066; x_wconf 80' lang='lat' dir='ltr'><strong>Torquate,</strong></span> <span class='ocrx_word' id='word_1_62' title='bbox 923 984 1086 1062; x_wconf 86' lang='lat' dir='ltr'><strong>sensibus,</strong></span> <span class='ocrx_word' id='word_1_63' title='bbox 1107 990 1304 1068; x_wconf 85' lang='lat' dir='ltr'><strong>extorquere</strong></span> 
     </span>
     <span class='ocr_line' id='line_1_8' title="bbox 140 1083 1304 1170; baseline 0.002 -20"><span class='ocrx_word' id='word_1_64' title='bbox 140 1083 315 1150; x_wconf 82' lang='lat' dir='ltr'><strong>exanimis</strong></span> <span class='ocrx_word' id='word_1_65' title='bbox 340 1085 546 1170; x_wconf 78' lang='lat' dir='ltr'><strong>cognitiones</strong></span> <span class='ocrx_word' id='word_1_66' title='bbox 569 1086 756 1164; x_wconf 88' lang='lat' dir='ltr'><strong>verborum,</strong></span> <span class='ocrx_word' id='word_1_67' title='bbox 782 1085 902 1170; x_wconf 86' lang='lat' dir='ltr'><strong>quibus</strong></span> <span class='ocrx_word' id='word_1_68' title='bbox 925 1085 1046 1150; x_wconf 89' lang='lat' dir='ltr'><strong>imbuti</strong></span> <span class='ocrx_word' id='word_1_69' title='bbox 1062 1108 1184 1150; x_wconf 88' lang='lat' dir='ltr'><strong>sumus.</strong></span> <span class='ocrx_word' id='word_1_70' title='bbox 1220 1086 1304 1152; x_wconf 77' lang='lat' dir='ltr'><strong>Quis</strong></span> 
     </span>
     <span class='ocr_line' id='line_1_9' title="bbox 135 1188 1304 1272; baseline 0.003 -19"><span class='ocrx_word' id='word_1_71' title='bbox 135 1189 225 1254; x_wconf 86' lang='lat' dir='ltr'><strong>enim</strong></span> <span class='ocrx_word' id='word_1_72' title='bbox 254 1193 322 1268; x_wconf 88' lang='lat' dir='ltr'><strong>est,</strong></span> <span class='ocrx_word' id='word_1_73' title='bbox 354 1188 410 1272; x_wconf 90' lang='lat' dir='ltr'><strong>qui</strong></span> <span class='ocrx_word' id='word_1_74' title='bbox 437 1209 504 1252; x_wconf 87' lang='lat' dir='ltr'><strong>non</strong></span> <span class='ocrx_word' id='word_1_75' title='bbox 531 1188 645 1252; x_wconf 83' lang='lat' dir='ltr'><strong>videat</strong></span> <span class='ocrx_word' id='word_1_76' title='bbox 672 1190 754 1252; x_wconf 77' lang='lat' dir='ltr'><strong>haee</strong></span> <span class='ocrx_word' id='word_1_77' title='bbox 782 1209 854 1252; x_wconf 87' lang='lat' dir='ltr'><strong>esse</strong></span> <span class='ocrx_word' id='word_1_78' title='bbox 881 1189 916 1252; x_wconf 92' lang='lat' dir='ltr'><strong>in</strong></span> <span class='ocrx_word' id='word_1_79' title='bbox 939 1194 1058 1253; x_wconf 84' lang='lat' dir='ltr'><strong>natura</strong></span> <span class='ocrx_word' id='word_1_80' title='bbox 1084 1210 1193 1253; x_wconf 88' lang='lat' dir='ltr'><strong>rerum</strong></span> <span class='ocrx_word' id='word_1_81' title='bbox 1215 1189 1304 1258; x_wconf 67' lang='lat' dir='ltr'><strong>tria?</strong></span> 
     </span>
     <span class='ocr_line' id='line_1_10' title="bbox 132 1291 1302 1376; baseline 0.001 -20"><span class='ocrx_word' id='word_1_82' title='bbox 132 1315 256 1370; x_wconf 86' lang='lat' dir='ltr'><strong>unum,</strong></span> <span class='ocrx_word' id='word_1_83' title='bbox 288 1291 419 1354; x_wconf 88' lang='lat' dir='ltr'><strong>eumin</strong></span> <span class='ocrx_word' id='word_1_84' title='bbox 447 1292 620 1376; x_wconf 83' lang='lat' dir='ltr'><strong>voluptate</strong></span> <span class='ocrx_word' id='word_1_85' title='bbox 652 1314 781 1370; x_wconf 90' lang='lat' dir='ltr'><strong>sumus,</strong></span> <span class='ocrx_word' id='word_1_86' title='bbox 815 1292 972 1370; x_wconf 85' lang='lat' dir='ltr'><strong>alterum,</strong></span> <span class='ocrx_word' id='word_1_87' title='bbox 1008 1313 1082 1355; x_wconf 91' lang='lat' dir='ltr'><strong>oum</strong></span> <span class='ocrx_word' id='word_1_88' title='bbox 1115 1291 1150 1355; x_wconf 90' lang='lat' dir='ltr'><strong>in</strong></span> <span class='ocrx_word' id='word_1_89' title='bbox 1177 1291 1302 1372; x_wconf 87' lang='lat' dir='ltr'><strong>dolore,</strong></span> 
     </span>
     <span class='ocr_line' id='line_1_11' title="bbox 131 1393 1303 1478; baseline 0 -19"><span class='ocrx_word' id='word_1_90' title='bbox 131 1394 274 1459; x_wconf 82' lang='lat' dir='ltr'><strong>tertium</strong></span> <span class='ocrx_word' id='word_1_91' title='bbox 298 1396 372 1473; x_wconf 88' lang='lat' dir='ltr'><strong>hoo,</strong></span> <span class='ocrx_word' id='word_1_92' title='bbox 396 1394 432 1457; x_wconf 92' lang='lat' dir='ltr'><strong>in</strong></span> <span class='ocrx_word' id='word_1_93' title='bbox 455 1417 518 1478; x_wconf 91' lang='lat' dir='ltr'><strong>quo</strong></span> <span class='ocrx_word' id='word_1_94' title='bbox 542 1415 629 1457; x_wconf 86' lang='lat' dir='ltr'><strong>nune</strong></span> <span class='ocrx_word' id='word_1_95' title='bbox 654 1393 807 1478; x_wconf 89' lang='lat' dir='ltr'><strong>equidem</strong></span> <span class='ocrx_word' id='word_1_96' title='bbox 827 1416 911 1471; x_wconf 86' lang='lat' dir='ltr'><strong>snm,</strong></span> <span class='ocrx_word' id='word_1_97' title='bbox 937 1394 1035 1458; x_wconf 84' lang='lat' dir='ltr'><strong>credo</strong></span> <span class='ocrx_word' id='word_1_98' title='bbox 1051 1394 1132 1458; x_wconf 91' lang='lat' dir='ltr'><strong>item</strong></span> <span class='ocrx_word' id='word_1_99' title='bbox 1147 1417 1218 1473; x_wconf 86' lang='lat' dir='ltr'><strong>vos,</strong></span> <span class='ocrx_word' id='word_1_100' title='bbox 1242 1416 1303 1459; x_wconf 85' lang='lat' dir='ltr'><strong>nee</strong></span> 
     </span>
     <span class='ocr_line' id='line_1_12' title="bbox 134 1496 1302 1582; baseline 0.003 -22"><span class='ocrx_word' id='word_1_101' title='bbox 134 1498 170 1560; x_wconf 90' lang='lat' dir='ltr'><strong>in</strong></span> <span class='ocrx_word' id='word_1_102' title='bbox 194 1497 311 1560; x_wconf 88' lang='lat' dir='ltr'><strong>dolore</strong></span> <span class='ocrx_word' id='word_1_103' title='bbox 335 1516 397 1560; x_wconf 86' lang='lat' dir='ltr'><strong>neo</strong></span> <span class='ocrx_word' id='word_1_104' title='bbox 419 1497 454 1560; x_wconf 90' lang='lat' dir='ltr'><strong>in</strong></span> <span class='ocrx_word' id='word_1_105' title='bbox 476 1497 667 1580; x_wconf 88' lang='lat' dir='ltr'><strong>voluptate;</strong></span> <span class='ocrx_word' id='word_1_106' title='bbox 692 1503 730 1558; x_wconf 90' lang='lat' dir='ltr'><strong>ut</strong></span> <span class='ocrx_word' id='word_1_107' title='bbox 752 1496 787 1560; x_wconf 90' lang='lat' dir='ltr'><strong>in</strong></span> <span class='ocrx_word' id='word_1_108' title='bbox 809 1497 982 1581; x_wconf 83' lang='lat' dir='ltr'><strong>voluptate</strong></span> <span class='ocrx_word' id='word_1_109' title='bbox 1006 1496 1051 1559; x_wconf 90' lang='lat' dir='ltr'><strong>sit</strong></span> <span class='ocrx_word' id='word_1_110' title='bbox 1068 1496 1123 1580; x_wconf 91' lang='lat' dir='ltr'><strong>qui</strong></span> <span class='ocrx_word' id='word_1_111' title='bbox 1138 1498 1302 1582; x_wconf 85' lang='lat' dir='ltr'><strong>epuletur,</strong></span> 
     </span>
     <span class='ocr_line' id='line_1_13' title="bbox 136 1597 1304 1684; baseline 0 -20"><span class='ocrx_word' id='word_1_112' title='bbox 136 1600 174 1664; x_wconf 91' lang='lat' dir='ltr'><strong>in</strong></span> <span class='ocrx_word' id='word_1_113' title='bbox 189 1599 304 1663; x_wconf 91' lang='lat' dir='ltr'><strong>dolore</strong></span> <span class='ocrx_word' id='word_1_114' title='bbox 325 1599 382 1684; x_wconf 92' lang='lat' dir='ltr'><strong>qui</strong></span> <span class='ocrx_word' id='word_1_115' title='bbox 396 1605 602 1684; x_wconf 89' lang='lat' dir='ltr'><strong>torqueatur.</strong></span> <span class='ocrx_word' id='word_1_116' title='bbox 636 1600 686 1662; x_wconf 85' lang='lat' dir='ltr'><strong>&#39;Pu</strong></span> <span class='ocrx_word' id='word_1_117' title='bbox 708 1607 820 1663; x_wconf 88' lang='lat' dir='ltr'><strong>autem</strong></span> <span class='ocrx_word' id='word_1_118' title='bbox 843 1597 930 1663; x_wconf 90' lang='lat' dir='ltr'><strong>inter</strong></span> <span class='ocrx_word' id='word_1_119' title='bbox 946 1600 1028 1663; x_wconf 80' lang='lat' dir='ltr'><strong>haee</strong></span> <span class='ocrx_word' id='word_1_120' title='bbox 1043 1607 1175 1663; x_wconf 84' lang='lat' dir='ltr'><strong>tantam</strong></span> <span class='ocrx_word' id='word_1_121' title='bbox 1190 1601 1304 1665; x_wconf 88' lang='lat' dir='ltr'><strong>multi·</strong></span> 
     </span>
     <span class='ocr_line' id='line_1_14' title="bbox 141 1701 1304 1768; baseline 0.003 -4"><span class='ocrx_word' id='word_1_122' title='bbox 141 1701 291 1766; x_wconf 79' lang='lat' dir='ltr'><strong>tudinem</strong></span> <span class='ocrx_word' id='word_1_123' title='bbox 312 1702 484 1768; x_wconf 90' lang='lat' dir='ltr'><strong>hominum</strong></span> <span class='ocrx_word' id='word_1_124' title='bbox 507 1702 716 1766; x_wconf 80' lang='lat' dir='ltr'><strong>interiectam</strong></span> <span class='ocrx_word' id='word_1_125' title='bbox 738 1725 805 1767; x_wconf 92' lang='lat' dir='ltr'><strong>non</strong></span> <span class='ocrx_word' id='word_1_126' title='bbox 828 1702 920 1766; x_wconf 87' lang='lat' dir='ltr'><strong>vides</strong></span> <span class='ocrx_word' id='word_1_127' title='bbox 944 1723 1004 1766; x_wconf 88' lang='lat' dir='ltr'><strong>neo</strong></span> <span class='ocrx_word' id='word_1_128' title='bbox 1027 1703 1225 1768; x_wconf 85' lang='lat' dir='ltr'><strong>laetantium</strong></span> <span class='ocrx_word' id='word_1_129' title='bbox 1242 1726 1304 1768; x_wconf 88' lang='lat' dir='ltr'><strong>neo</strong></span> 
     </span>
    </p>
   </div>
   <div class='ocr_carea' id='block_1_3' title="bbox 148 1803 1421 1891">
    <p class='ocr_par' dir='ltr' id='par_1_3' title="bbox 148 1803 1421 1891">
     <span class='ocr_line' id='line_1_15' title="bbox 148 1803 1421 1891; baseline 0.004 -23"><span class='ocrx_word' id='word_1_130' title='bbox 148 1804 345 1872; x_wconf 86' lang='lat' dir='ltr'><strong>dolentium?</strong></span> <span class='ocrx_word' id='word_1_131' title='bbox 382 1803 439 1890; x_wconf 76' lang='lat' dir='ltr'><strong>(ll)</strong></span> <span class='ocrx_word' id='word_1_132' title='bbox 461 1806 541 1870; x_wconf 90' lang='lat' dir='ltr'><strong>Non</strong></span> <span class='ocrx_word' id='word_1_133' title='bbox 571 1828 722 1889; x_wconf 88' lang='lat' dir='ltr'><strong>prorsus,</strong></span> <span class='ocrx_word' id='word_1_134' title='bbox 755 1805 880 1891; x_wconf 89' lang='lat' dir='ltr'><strong>inquit,</strong></span> <span class='ocrx_word' id='word_1_135' title='bbox 915 1827 1112 1890; x_wconf 86' lang='lat' dir='ltr'><strong>omnesque,</strong></span> <span class='ocrx_word' id='word_1_136' title='bbox 1146 1808 1202 1890; x_wconf 93' lang='lat' dir='ltr'><strong>qui</strong></span> <span class='ocrx_word' id='word_1_137' title='bbox 1234 1806 1305 1873; x_wconf 86' lang='lat' dir='ltr'><strong>sine</strong></span> <span class='ocrx_word' id='word_1_138' title='bbox 1418 1805 1421 1813; x_wconf 83' lang='grc'><strong>’</strong></span> 
     </span>
    </p>
   </div>
   <div class='ocr_carea' id='block_1_4' title="bbox 136 1907 1305 2505">
    <p class='ocr_par' dir='ltr' id='par_1_4' title="bbox 136 1907 1305 2197">
     <span class='ocr_line' id='line_1_16' title="bbox 142 1907 1302 1992; baseline 0.003 -22"><span class='ocrx_word' id='word_1_139' title='bbox 142 1907 256 1971; x_wconf 87' lang='lat' dir='ltr'><strong>dolore</strong></span> <span class='ocrx_word' id='word_1_140' title='bbox 277 1907 360 1986; x_wconf 85' lang='lat' dir='ltr'><strong>sint,</strong></span> <span class='ocrx_word' id='word_1_141' title='bbox 388 1908 422 1972; x_wconf 90' lang='lat' dir='ltr'><strong>in</strong></span> <span class='ocrx_word' id='word_1_142' title='bbox 450 1909 642 1992; x_wconf 89' lang='lat' dir='ltr'><strong>voluptate,</strong></span> <span class='ocrx_word' id='word_1_143' title='bbox 675 1914 709 1972; x_wconf 91' lang='lat' dir='ltr'><strong>et</strong></span> <span class='ocrx_word' id='word_1_144' title='bbox 732 1929 770 1972; x_wconf 79' lang='lat' dir='ltr'><strong>eu</strong></span> <span class='ocrx_word' id='word_1_145' title='bbox 794 1908 927 1991; x_wconf 88' lang='lat' dir='ltr'><strong>quidem</strong></span> <span class='ocrx_word' id='word_1_146' title='bbox 951 1931 1093 1987; x_wconf 83' lang='lat' dir='ltr'><strong>summu,</strong></span> <span class='ocrx_word' id='word_1_147' title='bbox 1120 1931 1192 1973; x_wconf 85' lang='lat' dir='ltr'><strong>esse</strong></span> <span class='ocrx_word' id='word_1_148' title='bbox 1216 1910 1302 1974; x_wconf 88' lang='lat' dir='ltr'><strong>dieo.</strong></span> 
     </span>
     <span class='ocr_line' id='line_1_17' title="bbox 136 2009 1305 2096; baseline 0.003 -22"><span class='ocrx_word' id='word_1_149' title='bbox 136 2010 230 2094; x_wconf 85' lang='lat' dir='ltr'><strong>Ergo</strong></span> <span class='ocrx_word' id='word_1_150' title='bbox 257 2009 293 2073; x_wconf 91' lang='lat' dir='ltr'><strong>in</strong></span> <span class='ocrx_word' id='word_1_151' title='bbox 321 2010 437 2074; x_wconf 84' lang='lat' dir='ltr'><strong>eadem</strong></span> <span class='ocrx_word' id='word_1_152' title='bbox 465 2012 639 2096; x_wconf 83' lang='lat' dir='ltr'><strong>voluptate</strong></span> <span class='ocrx_word' id='word_1_153' title='bbox 668 2031 759 2087; x_wconf 89' lang='lat' dir='ltr'><strong>eum,</strong></span> <span class='ocrx_word' id='word_1_154' title='bbox 789 2010 846 2094; x_wconf 90' lang='lat' dir='ltr'><strong>qui</strong></span> <span class='ocrx_word' id='word_1_155' title='bbox 872 2010 970 2074; x_wconf 84' lang='lat' dir='ltr'><strong>alteri</strong></span> <span class='ocrx_word' id='word_1_156' title='bbox 999 2010 1137 2076; x_wconf 79' lang='lat' dir='ltr'><strong>misceat</strong></span> <span class='ocrx_word' id='word_1_157' title='bbox 1160 2012 1305 2077; x_wconf 88' lang='lat' dir='ltr'><strong>mulsum</strong></span> 
     </span>
     <span class='ocr_line' id='line_1_18' title="bbox 137 2111 1084 2197; baseline 0.002 -23"><span class='ocrx_word' id='word_1_158' title='bbox 137 2113 215 2196; x_wconf 87' lang='lat' dir='ltr'><strong>ipse.</strong></span> <span class='ocrx_word' id='word_1_159' title='bbox 232 2136 300 2177; x_wconf 88' lang='lat' dir='ltr'><strong>non</strong></span> <span class='ocrx_word' id='word_1_160' title='bbox 323 2111 450 2190; x_wconf 85' lang='lat' dir='ltr'><strong>sitiens,</strong></span> <span class='ocrx_word' id='word_1_161' title='bbox 476 2120 510 2176; x_wconf 88' lang='lat' dir='ltr'><strong>et</strong></span> <span class='ocrx_word' id='word_1_162' title='bbox 534 2133 619 2191; x_wconf 92' lang='lat' dir='ltr'><strong>eum,</strong></span> <span class='ocrx_word' id='word_1_163' title='bbox 644 2111 701 2197; x_wconf 92' lang='lat' dir='ltr'><strong>qui</strong></span> <span class='ocrx_word' id='word_1_164' title='bbox 722 2112 806 2176; x_wconf 91' lang='lat' dir='ltr'><strong>illud</strong></span> <span class='ocrx_word' id='word_1_165' title='bbox 828 2112 945 2176; x_wconf 84' lang='lat' dir='ltr'><strong>sitiens</strong></span> <span class='ocrx_word' id='word_1_166' title='bbox 967 2113 1084 2177; x_wconf 86' lang='lat' dir='ltr'><strong>bibat?</strong></span> 
     </span>
    </p>

    <p class='ocr_par' dir='ltr' id='par_1_5' title="bbox 138 2215 1303 2505">
     <span class='ocr_line' id='line_1_19' title="bbox 224 2215 1303 2300; baseline 0 -20"><span class='ocrx_word' id='word_1_167' title='bbox 224 2217 288 2280; x_wconf 81' lang='lat' dir='ltr'><strong>VI.</strong></span> <span class='ocrx_word' id='word_1_168' title='bbox 321 2216 404 2280; x_wconf 78' lang='lat' dir='ltr'><strong>Tum</strong></span> <span class='ocrx_word' id='word_1_169' title='bbox 427 2215 502 2295; x_wconf 90' lang='lat' dir='ltr'><strong>ille,</strong></span> <span class='ocrx_word' id='word_1_170' title='bbox 526 2215 656 2295; x_wconf 82' lang='lat' dir='ltr'><strong>Finem,</strong></span> <span class='ocrx_word' id='word_1_171' title='bbox 686 2215 811 2299; x_wconf 88' lang='lat' dir='ltr'><strong>inquit,</strong></span> <span class='ocrx_word' id='word_1_172' title='bbox 839 2215 1083 2300; x_wconf 80' lang='lat' dir='ltr'><strong>interrogandi,</strong></span> <span class='ocrx_word' id='word_1_173' title='bbox 1110 2215 1139 2279; x_wconf 87' lang='lat' dir='ltr'><strong>si</strong></span> <span class='ocrx_word' id='word_1_174' title='bbox 1160 2215 1303 2296; x_wconf 89' lang='lat' dir='ltr'><strong>videtur,</strong></span> 
     </span>
     <span class='ocr_line' id='line_1_20' title="bbox 139 2317 1303 2403; baseline 0 -21"><span class='ocrx_word' id='word_1_175' title='bbox 139 2319 229 2402; x_wconf 92' lang='lat' dir='ltr'><strong>quod</strong></span> <span class='ocrx_word' id='word_1_176' title='bbox 262 2318 396 2403; x_wconf 88' lang='lat' dir='ltr'><strong>quidem</strong></span> <span class='ocrx_word' id='word_1_177' title='bbox 427 2340 489 2402; x_wconf 87' lang='lat' dir='ltr'><strong>ego</strong></span> <span class='ocrx_word' id='word_1_178' title='bbox 517 2317 719 2402; x_wconf 87' lang='lat' dir='ltr'><strong>aprinoipio</strong></span> <span class='ocrx_word' id='word_1_179' title='bbox 752 2317 798 2381; x_wconf 87' lang='lat' dir='ltr'><strong>ita</strong></span> <span class='ocrx_word' id='word_1_180' title='bbox 828 2340 882 2382; x_wconf 91' lang='lat' dir='ltr'><strong>me</strong></span> <span class='ocrx_word' id='word_1_181' title='bbox 909 2319 1010 2382; x_wconf 87' lang='lat' dir='ltr'><strong>malle</strong></span> <span class='ocrx_word' id='word_1_182' title='bbox 1042 2317 1204 2397; x_wconf 84' lang='lat' dir='ltr'><strong>dixeram,</strong></span> <span class='ocrx_word' id='word_1_183' title='bbox 1239 2320 1303 2382; x_wconf 87' lang='lat' dir='ltr'><strong>hoo</strong></span> 
     </span>
     <span class='ocr_line' id='line_1_21' title="bbox 138 2418 1303 2505; baseline 0 -23"><span class='ocrx_word' id='word_1_184' title='bbox 138 2421 248 2505; x_wconf 86' lang='lat' dir='ltr'><strong>ipsum</strong></span> <span class='ocrx_word' id='word_1_185' title='bbox 271 2419 459 2503; x_wconf 87' lang='lat' dir='ltr'><strong>providens,</strong></span> <span class='ocrx_word' id='word_1_186' title='bbox 485 2418 882 2503; x_wconf 84' lang='lat' dir='ltr'><strong>dialeotioae&#39;oaptiones.</strong></span> <span class='ocrx_word' id='word_1_187' title='bbox 921 2418 1099 2483; x_wconf 85' lang='lat' dir='ltr'><strong>Rhetorioe</strong></span> <span class='ocrx_word' id='word_1_188' title='bbox 1116 2418 1230 2504; x_wconf 85' lang='lat' dir='ltr'><strong>igitur,</strong></span> <span class='ocrx_word' id='word_1_189' title='bbox 1254 2419 1303 2484; x_wconf 91' lang='lat' dir='ltr'><strong>in-</strong></span> 
     </span>
    </p>
   </div>
   <div class='ocr_carea' id='block_1_5' title="bbox 138 2641 1307 3332">
    <p class='ocr_par' dir='ltr' id='par_1_6' title="bbox 208 2641 1305 2716">
     <span class='ocr_line' id='line_1_22' title="bbox 208 2641 1305 2716; baseline 0.002 -21"><span class='ocrx_word' id='word_1_190' title='bbox 208 2642 260 2696; x_wconf 77' lang='lat' dir='ltr'><strong>lt.</strong></span> <span class='ocrx_word' id='word_1_191' title='bbox 285 2642 321 2696; x_wconf 89' lang='lat' dir='ltr'><strong>in</strong></span> <span class='ocrx_word' id='word_1_192' title='bbox 338 2647 433 2697; x_wconf 91' lang='lat' dir='ltr'><strong>motu</strong></span> <span class='ocrx_word' id='word_1_193' title='bbox 452 2672 483 2682; x_wconf 90' lang='lat'>-</span> <span class='ocrx_word' id='word_1_194' title='bbox 503 2643 537 2697; x_wconf 89' lang='lat' dir='ltr'><strong>in</strong></span> <span class='ocrx_word' id='word_1_195' title='bbox 556 2643 772 2698; x_wconf 74' lang='lat' dir='ltr'><strong>stabilitate:</strong></span> <span class='ocrx_word' id='word_1_196' title='bbox 790 2645 840 2716; x_wconf 76' lang='grc' dir='ltr'><strong>τὴν</strong></span> <span class='ocrx_word' id='word_1_197' title='bbox 860 2645 890 2700; x_wconf 80' lang='grc' dir='ltr'><strong>ἐν</strong></span> <span class='ocrx_word' id='word_1_198' title='bbox 909 2643 1020 2700; x_wconf 78' lang='grc' dir='ltr'><strong>κιν’σει</strong></span> <span class='ocrx_word' id='word_1_199' title='bbox 1039 2675 1070 2684; x_wconf 92' lang='lat'><em>-</em></span> <span class='ocrx_word' id='word_1_200' title='bbox 1089 2646 1139 2714; x_wconf 78' lang='grc' dir='ltr'><strong>τὴν</strong></span> <span class='ocrx_word' id='word_1_201' title='bbox 1159 2645 1189 2699; x_wconf 78' lang='grc' dir='ltr'><strong>ἐν</strong></span> <span class='ocrx_word' id='word_1_202' title='bbox 1203 2641 1305 2700; x_wconf 74' lang='grc' dir='ltr'>στάσει</span> 
     </span>
    </p>

    <p class='ocr_par' dir='ltr' id='par_1_7' title="bbox 147 2667 1307 2783">
     <span class='ocr_line' id='line_1_23' title="bbox 147 2667 1307 2783; baseline -0.002 -16"><span class='ocrx_word' id='word_1_203' title='bbox 147 2711 260 2782; x_wconf 66' lang='grc' dir='ltr'><strong>ἰἱονήνι</strong></span> <span class='ocrx_word' id='word_1_204' title='bbox 338 2711 398 2765; x_wconf 90' lang='lat' dir='ltr'><strong>uid</strong></span> <span class='ocrx_word' id='word_1_205' title='bbox 416 2711 547 2766; x_wconf 80' lang='lat' dir='ltr'><strong>tendit?</strong></span> <span class='ocrx_word' id='word_1_206' title='bbox 565 2717 629 2767; x_wconf 79' lang='lat' dir='ltr'><strong>‘was</strong></span> <span class='ocrx_word' id='word_1_207' title='bbox 646 2711 728 2767; x_wconf 86' lang='lat' dir='ltr'><strong>miiht</strong></span> <span class='ocrx_word' id='word_1_208' title='bbox 746 2731 774 2766; x_wconf 84' lang='lat' dir='ltr'><strong>er</strong></span> <span class='ocrx_word' id='word_1_209' title='bbox 792 2711 850 2768; x_wconf 85' lang='lat' dir='ltr'><strong>sloh</strong></span> <span class='ocrx_word' id='word_1_210' title='bbox 869 2711 929 2767; x_wconf 65' lang='lat' dir='ltr'><strong>ab?</strong></span> <span class='ocrx_word' id='word_1_211' title='bbox 948 2667 984 2767; x_wconf 68' lang='lat' dir='ltr'><strong>do</strong></span> <span class='ocrx_word' id='word_1_212' title='bbox 996 2713 1147 2783; x_wconf 83' lang='lat' dir='ltr'><strong>gebrauoht</strong></span> <span class='ocrx_word' id='word_1_213' title='bbox 1165 2713 1215 2766; x_wconf 88' lang='lat' dir='ltr'><strong>das</strong></span> <span class='ocrx_word' id='word_1_214' title='bbox 1226 2712 1307 2766; x_wconf 87' lang='lat' dir='ltr'><strong>Wort</strong></span> 
     </span>
    </p>

    <p class='ocr_par' dir='ltr' id='par_1_8' title="bbox 138 2730 1307 3042">
     <span class='ocr_line' id='line_1_24' title="bbox 189 2730 1305 2853; baseline 0 -18"><span class='ocrx_word' id='word_1_215' title='bbox 189 2779 290 2835; x_wconf 78' lang='lat' dir='ltr'><strong>ondeta</strong></span> <span class='ocrx_word' id='word_1_216' title='bbox 308 2730 403 2835; x_wconf 70' lang='lat' dir='ltr'><strong>Ilivius</strong></span> <span class='ocrx_word' id='word_1_217' title='bbox 422 2779 478 2835; x_wconf 87' lang='lat' dir='ltr'><strong>und</strong></span> <span class='ocrx_word' id='word_1_218' title='bbox 491 2780 611 2834; x_wconf 75' lang='lat' dir='ltr'><strong>Taoitue.</strong></span> <span class='ocrx_word' id='word_1_219' title='bbox 666 2799 737 2835; x_wconf 89' lang='lat' dir='ltr'><strong>oum</strong></span> <span class='ocrx_word' id='word_1_220' title='bbox 754 2782 790 2835; x_wconf 90' lang='lat' dir='ltr'><strong>in</strong></span> <span class='ocrx_word' id='word_1_221' title='bbox 807 2782 987 2853; x_wconf 86' lang='lat' dir='ltr'><strong>voluptate</strong></span> <span class='ocrx_word' id='word_1_222' title='bbox 1005 2801 1134 2836; x_wconf 83' lang='lat' dir='ltr'><strong>sumus:</strong></span> <span class='ocrx_word' id='word_1_223' title='bbox 1152 2780 1305 2836; x_wconf 87' lang='lat' dir='ltr'><strong>Umsohrei-</strong></span> 
     </span>
     <span class='ocr_line' id='line_1_25' title="bbox 139 2845 1307 2925; baseline 0 -21"><span class='ocrx_word' id='word_1_224' title='bbox 139 2849 219 2919; x_wconf 81' lang='lat' dir='ltr'><strong>burg</strong></span> <span class='ocrx_word' id='word_1_225' title='bbox 236 2847 285 2902; x_wconf 88' lang='lat' dir='ltr'><strong>dea</strong></span> <span class='ocrx_word' id='word_1_226' title='bbox 311 2849 554 2904; x_wconf 77' lang='lat' dir='ltr'><strong>substantivierten</strong></span> <span class='ocrx_word' id='word_1_227' title='bbox 581 2850 635 2904; x_wconf 84' lang='lat' dir='ltr'><strong>Ins.</strong></span> <span class='ocrx_word' id='word_1_228' title='bbox 662 2852 693 2905; x_wconf 87' lang='grc' dir='ltr'><strong>τὸ</strong></span> <span class='ocrx_word' id='word_1_229' title='bbox 713 2845 789 2906; x_wconf 80' lang='grc' dir='ltr'>εἶναι</span> <span class='ocrx_word' id='word_1_230' title='bbox 808 2853 838 2906; x_wconf 82' lang='grc' dir='ltr'><strong>ἐν</strong></span> <span class='ocrx_word' id='word_1_231' title='bbox 857 2851 956 2925; x_wconf 77' lang='grc' dir='ltr'><strong><em>ἡδονῇ.</em></strong></span> <span class='ocrx_word' id='word_1_232' title='bbox 1061 2851 1096 2905; x_wconf 84' lang='grc' dir='ltr'><strong>ἱιι</strong></span> <span class='ocrx_word' id='word_1_233' title='bbox 1115 2850 1231 2905; x_wconf 88' lang='lat' dir='ltr'><strong>dolore</strong></span> <span class='ocrx_word' id='word_1_234' title='bbox 1248 2850 1307 2920; x_wconf 88' lang='lat' dir='ltr'><strong>qui</strong></span> 
     </span>
     <span class='ocr_line' id='line_1_26' title="bbox 138 2918 1307 3042; baseline 0 -70"><span class='ocrx_word' id='word_1_235' title='bbox 138 2918 427 3042; x_wconf 52' lang='lat' dir='ltr'><strong>toqqulpiatur.sllin</strong></span> <span class='ocrx_word' id='word_1_236' title='bbox 443 2918 563 2988; x_wconf 84' lang='lat' dir='ltr'><strong>Beispiel</strong></span> <span class='ocrx_word' id='word_1_237' title='bbox 580 2919 626 2973; x_wconf 84' lang='lat' dir='ltr'><strong>ffir</strong></span> <span class='ocrx_word' id='word_1_238' title='bbox 643 2919 695 2973; x_wconf 89' lang='lat' dir='ltr'><strong>den</strong></span> <span class='ocrx_word' id='word_1_239' title='bbox 713 2920 816 2974; x_wconf 87' lang='lat' dir='ltr'><strong>dritten</strong></span> <span class='ocrx_word' id='word_1_240' title='bbox 830 2919 953 2974; x_wconf 80' lang='lat' dir='ltr'><strong>Zustond</strong></span> <span class='ocrx_word' id='word_1_241' title='bbox 971 2919 1018 2974; x_wconf 86' lang='lat' dir='ltr'><strong>der</strong></span> <span class='ocrx_word' id='word_1_242' title='bbox 1035 2919 1222 2990; x_wconf 77' lang='lat' dir='ltr'><strong>umpfindung</strong></span> <span class='ocrx_word' id='word_1_243' title='bbox 1239 2918 1307 2974; x_wconf 88' lang='lat' dir='ltr'><strong>wird</strong></span> 
     </span>
     <span class='ocr_line' id='line_1_27' title="bbox 138 3005 428 3042; baseline -0.007 0"><span class='ocrx_word' id='word_1_244' title='bbox 138 3005 187 3042; x_wconf 88' lang='lat' dir='ltr'><strong>mo</strong></span> <span class='ocrx_word' id='word_1_245' title='bbox 269 3005 321 3041; x_wconf 89' lang='lat' dir='ltr'><strong>nzn</strong></span> <span class='ocrx_word' id='word_1_246' title='bbox 342 3005 387 3042; x_wconf 89' lang='lat' dir='ltr'><strong>eu</strong></span> <span class='ocrx_word' id='word_1_247' title='bbox 422 3026 428 3040; x_wconf 91' lang='lat'><strong>.</strong></span> 
     </span>
    </p>

    <p class='ocr_par' dir='ltr' id='par_1_9' title="bbox 140 2990 1307 3332">
     <span class='ocr_line' id='line_1_28' title="bbox 212 2990 1306 3128; baseline 0.001 -19"><span class='ocrx_word' id='word_1_248' title='bbox 212 3055 257 3110; x_wconf 76' lang='lat' dir='ltr'><strong>ll.</strong></span> <span class='ocrx_word' id='word_1_249' title='bbox 293 3006 369 3112; x_wconf 61' lang='lat' dir='ltr'><strong>an</strong></span> <span class='ocrx_word' id='word_1_250' title='bbox 386 2990 529 3126; x_wconf 57' lang='lat' dir='ltr'><strong>{torsus</strong></span> <span class='ocrx_word' id='word_1_251' title='bbox 548 3061 626 3126; x_wconf 84' lang='lat' dir='ltr'><strong>‘ganz</strong></span> <span class='ocrx_word' id='word_1_252' title='bbox 644 3055 701 3110; x_wconf 89' lang='lat' dir='ltr'><strong>und</strong></span> <span class='ocrx_word' id='word_1_253' title='bbox 719 3075 769 3128; x_wconf 82' lang='lat' dir='ltr'><strong>gar</strong></span> <span class='ocrx_word' id='word_1_254' title='bbox 786 3056 881 3119; x_wconf 67' lang='lat' dir='ltr'><strong>nieht,</strong></span> <span class='ocrx_word' id='word_1_255' title='bbox 901 3056 935 3112; x_wconf 78' lang='grc' dir='ltr'><strong>οὐ</strong></span> <span class='ocrx_word' id='word_1_256' title='bbox 955 3057 1041 3120; x_wconf 81' lang='grc' dir='ltr'><strong>πάνυ,</strong></span> <span class='ocrx_word' id='word_1_257' title='bbox 1060 3075 1090 3111; x_wconf 86' lang='lat' dir='ltr'><strong>so</strong></span> <span class='ocrx_word' id='word_1_258' title='bbox 1109 3057 1172 3111; x_wconf 86' lang='lat' dir='ltr'><strong>dass</strong></span> <span class='ocrx_word' id='word_1_259' title='bbox 1191 3053 1306 3110; x_wconf 63' lang='grc' dir='ltr'><strong>(133Αὰ-</strong></span> 
     </span>
     <span class='ocr_line' id='line_1_29' title="bbox 140 3123 1307 3206; baseline -0.001 -27"><span class='ocrx_word' id='word_1_260' title='bbox 140 3123 208 3179; x_wconf 84' lang='lat' dir='ltr'><strong>verb</strong></span> <span class='ocrx_word' id='word_1_261' title='bbox 227 3143 275 3178; x_wconf 81' lang='lat' dir='ltr'><strong>nur</strong></span> <span class='ocrx_word' id='word_1_262' title='bbox 292 3125 483 3206; x_wconf 74' lang='lat' dir='ltr'><strong>Verstiirlrung</strong></span> <span class='ocrx_word' id='word_1_263' title='bbox 501 3123 547 3178; x_wconf 90' lang='lat' dir='ltr'><strong>der</strong></span> <span class='ocrx_word' id='word_1_264' title='bbox 571 3125 710 3196; x_wconf 86' lang='lat' dir='ltr'><strong>Negation</strong></span> <span class='ocrx_word' id='word_1_265' title='bbox 733 3124 817 3179; x_wconf 85' lang='lat' dir='ltr'><strong>dient.</strong></span> <span class='ocrx_word' id='word_1_266' title='bbox 854 3125 887 3180; x_wconf 89' lang='lat' dir='ltr'><strong>de</strong></span> <span class='ocrx_word' id='word_1_267' title='bbox 904 3129 961 3180; x_wconf 86' lang='lat' dir='ltr'><strong>nat.</strong></span> <span class='ocrx_word' id='word_1_268' title='bbox 980 3126 1051 3181; x_wconf 87' lang='lat' dir='ltr'><strong>deor.</strong></span> <span class='ocrx_word' id='word_1_269' title='bbox 1069 3126 1115 3180; x_wconf 89' lang='lat'><strong>111</strong></span> <span class='ocrx_word' id='word_1_270' title='bbox 1133 3130 1157 3188; x_wconf 83' lang='lat'><strong>8,</strong></span> <span class='ocrx_word' id='word_1_271' title='bbox 1176 3129 1207 3178; x_wconf 83' lang='lat'><strong>21</strong></span> <span class='ocrx_word' id='word_1_272' title='bbox 1232 3124 1307 3179; x_wconf 90' lang='lat' dir='ltr'><strong>nullo</strong></span> 
     </span>
     <span class='ocr_line' id='line_1_30' title="bbox 142 3191 1307 3264; baseline 0.001 -18"><span class='ocrx_word' id='word_1_273' title='bbox 142 3192 228 3247; x_wconf 89' lang='lat' dir='ltr'><strong>modo</strong></span> <span class='ocrx_word' id='word_1_274' title='bbox 241 3211 353 3264; x_wconf 84' lang='lat' dir='ltr'><strong>prorsus</strong></span> <span class='ocrx_word' id='word_1_275' title='bbox 370 3198 506 3248; x_wconf 82' lang='lat' dir='ltr'><strong>assentmr</strong></span> <span class='ocrx_word' id='word_1_276' title='bbox 527 3217 551 3239; x_wconf 89' lang='lat'><em>=</em></span> <span class='ocrx_word' id='word_1_277' title='bbox 573 3210 685 3264; x_wconf 85' lang='lat' dir='ltr'><strong>prorsus</strong></span> <span class='ocrx_word' id='word_1_278' title='bbox 711 3193 785 3248; x_wconf 91' lang='lat' dir='ltr'><strong>nullo</strong></span> <span class='ocrx_word' id='word_1_279' title='bbox 813 3191 902 3248; x_wconf 88' lang='lat' dir='ltr'><strong>modo.</strong></span> <span class='ocrx_word' id='word_1_280' title='bbox 939 3194 972 3249; x_wconf 87' lang='lat' dir='ltr'><strong>de</strong></span> <span class='ocrx_word' id='word_1_281' title='bbox 989 3194 1068 3248; x_wconf 81' lang='lat' dir='ltr'><strong>amic.</strong></span> <span class='ocrx_word' id='word_1_282' title='bbox 1089 3199 1129 3258; x_wconf 88' lang='grc'><strong>16,</strong></span> <span class='ocrx_word' id='word_1_283' title='bbox 1148 3198 1181 3247; x_wconf 74' lang='grc' dir='ltr'><strong>δ’(</strong></span> <span class='ocrx_word' id='word_1_284' title='bbox 1208 3193 1307 3247; x_wconf 86' lang='lat' dir='ltr'><strong>harum</strong></span> 
     </span>
     <span class='ocr_line' id='line_1_31' title="bbox 147 3261 822 3332; baseline 0 -18"><span class='ocrx_word' id='word_1_285' title='bbox 147 3261 234 3315; x_wconf 87' lang='lat' dir='ltr'><strong>trium</strong></span> <span class='ocrx_word' id='word_1_286' title='bbox 251 3262 447 3317; x_wconf 84' lang='lat' dir='ltr'><strong>sententiarum</strong></span> <span class='ocrx_word' id='word_1_287' title='bbox 464 3261 533 3316; x_wconf 89' lang='lat' dir='ltr'><strong>nulli</strong></span> <span class='ocrx_word' id='word_1_288' title='bbox 550 3279 661 3332; x_wconf 85' lang='lat' dir='ltr'><strong>prorsus</strong></span> <span class='ocrx_word' id='word_1_289' title='bbox 680 3262 822 3316; x_wconf 85' lang='lat' dir='ltr'><strong>assentior.</strong></span> 
     </span>
    </p>
   </div>
   <div class='ocr_carea' id='block_1_6' title="bbox 141 3344 1310 4382">
    <p class='ocr_par' dir='ltr' id='par_1_10' title="bbox 142 3344 1308 3607">
     <span class='ocr_line' id='line_1_32' title="bbox 218 3344 1308 3410; baseline -0.002 -10"><span class='ocrx_word' id='word_1_290' title='bbox 218 3345 260 3400; x_wconf 78' lang='lat' dir='ltr'><strong>Da</strong></span> <span class='ocrx_word' id='word_1_291' title='bbox 270 3345 323 3401; x_wconf 77' lang='lat' dir='ltr'><strong>Tor</strong></span> <span class='ocrx_word' id='word_1_292' title='bbox 341 3351 424 3401; x_wconf 82' lang='lat' dir='ltr'><strong>uatus</strong></span> <span class='ocrx_word' id='word_1_293' title='bbox 435 3347 547 3401; x_wconf 85' lang='lat' dir='ltr'><strong>hieraul&#39;</strong></span> <span class='ocrx_word' id='word_1_294' title='bbox 554 3365 589 3400; x_wconf 86' lang='lat' dir='ltr'><strong>zu</strong></span> <span class='ocrx_word' id='word_1_295' title='bbox 601 3349 754 3402; x_wconf 78' lang='lat' dir='ltr'><strong>autworten</strong></span> <span class='ocrx_word' id='word_1_296' title='bbox 772 3344 830 3400; x_wconf 81' lang='lat' dir='ltr'><strong>sich</strong></span> <span class='ocrx_word' id='word_1_297' title='bbox 848 3346 895 3401; x_wconf 81' lang='lat' dir='ltr'><strong>we&#39;</strong></span> <span class='ocrx_word' id='word_1_298' title='bbox 917 3348 966 3410; x_wconf 81' lang='lat' dir='ltr'><strong>ert,</strong></span> <span class='ocrx_word' id='word_1_299' title='bbox 984 3344 1044 3400; x_wconf 86' lang='lat' dir='ltr'><strong>weil</strong></span> <span class='ocrx_word' id='word_1_300' title='bbox 1061 3362 1090 3400; x_wconf 86' lang='lat' dir='ltr'><strong>er</strong></span> <span class='ocrx_word' id='word_1_301' title='bbox 1107 3344 1230 3400; x_wconf 79' lang='lat' dir='ltr'><strong>fiirohtet</strong></span> <span class='ocrx_word' id='word_1_302' title='bbox 1248 3344 1308 3398; x_wconf 87' lang='lat' dir='ltr'><strong>sioh</strong></span> 
     </span>
     <span class='ocr_line' id='line_1_33' title="bbox 143 3365 1307 3494; baseline -0.003 -24"><span class='ocrx_word' id='word_1_303' title='bbox 143 3365 361 3470; x_wconf 74' lang='lat' dir='ltr'><strong>indialeotieobe</strong></span> <span class='ocrx_word' id='word_1_304' title='bbox 463 3415 569 3470; x_wconf 82' lang='lat' dir='ltr'><strong>ohliisae</strong></span> <span class='ocrx_word' id='word_1_305' title='bbox 587 3434 621 3470; x_wconf 82' lang='lat' dir='ltr'><strong>zu</strong></span> <span class='ocrx_word' id='word_1_306' title='bbox 638 3415 804 3476; x_wconf 80' lang='lat' dir='ltr'><strong>verwiolreln,</strong></span> <span class='ocrx_word' id='word_1_307' title='bbox 823 3433 853 3470; x_wconf 82' lang='lat' dir='ltr'><strong>ao</strong></span> <span class='ocrx_word' id='word_1_308' title='bbox 872 3415 902 3470; x_wconf 79' lang='lat' dir='ltr'><strong>sai</strong></span> <span class='ocrx_word' id='word_1_309' title='bbox 961 3413 1016 3468; x_wconf 74' lang='lat' dir='ltr'><strong>cie.</strong></span> <span class='ocrx_word' id='word_1_310' title='bbox 1036 3413 1065 3468; x_wconf 88' lang='lat' dir='ltr'><strong>in</strong></span> <span class='ocrx_word' id='word_1_311' title='bbox 1083 3413 1307 3494; x_wconf 68' lang='lat' dir='ltr'><strong>puaammeuhin-</strong></span> 
     </span>
     <span class='ocr_line' id='line_1_34' title="bbox 142 3481 1308 3607; baseline -0.002 -69"><span class='ocrx_word' id='word_1_312' title='bbox 142 3482 259 3606; x_wconf 59' lang='lat' dir='ltr'><strong>§endem</strong></span> <span class='ocrx_word' id='word_1_313' title='bbox 277 3485 413 3566; x_wconf 76' lang='lat' dir='ltr'><strong>Vortrage</strong></span> <span class='ocrx_word' id='word_1_314' title='bbox 443 3487 494 3538; x_wconf 90' lang='lat' dir='ltr'><strong>ort.</strong></span> <span class='ocrx_word' id='word_1_315' title='bbox 529 3484 631 3607; x_wconf 49' lang='lat' dir='ltr'><strong>blpiour</strong></span> <span class='ocrx_word' id='word_1_316' title='bbox 648 3485 741 3548; x_wconf 74' lang='lat' dir='ltr'><strong>hitto,</strong></span> <span class='ocrx_word' id='word_1_317' title='bbox 766 3503 778 3538; x_wconf 88' lang='lat' dir='ltr'><strong>s</strong></span> <span class='ocrx_word' id='word_1_318' title='bbox 816 3486 884 3548; x_wconf 86' lang='lat' dir='ltr'><strong>ter,</strong></span> <span class='ocrx_word' id='word_1_319' title='bbox 902 3501 980 3539; x_wconf 81' lang='lat' dir='ltr'><strong>wenn</strong></span> <span class='ocrx_word' id='word_1_320' title='bbox 998 3502 1025 3538; x_wconf 88' lang='lat' dir='ltr'><strong>er</strong></span> <span class='ocrx_word' id='word_1_321' title='bbox 1048 3481 1139 3548; x_wconf 81' lang='lat' dir='ltr'><strong>berdo,</strong></span> <span class='ocrx_word' id='word_1_322' title='bbox 1161 3481 1233 3536; x_wconf 81' lang='lat' dir='ltr'><strong>Luat</strong></span> <span class='ocrx_word' id='word_1_323' title='bbox 1250 3481 1308 3537; x_wconf 91' lang='lat' dir='ltr'><strong>und</strong></span> 
     </span>
    </p>

    <p class='ocr_par' dir='ltr' id='par_1_11' title="bbox 141 3551 1309 3978">
     <span class='ocr_line' id='line_1_35' title="bbox 166 3551 1309 3618; baseline 0 -12"><span class='ocrx_word' id='word_1_324' title='bbox 166 3553 321 3608; x_wconf 83' lang='lat' dir='ltr'><strong>chmerzlos&#39;</strong></span> <span class='ocrx_word' id='word_1_325' title='bbox 342 3553 418 3617; x_wconf 73' lang='lat' dir='ltr'><strong>bert,</strong></span> <span class='ocrx_word' id='word_1_326' title='bbox 447 3553 538 3608; x_wconf 88' lang='lat' dir='ltr'><strong>verbin</strong></span> <span class='ocrx_word' id='word_1_327' title='bbox 559 3573 592 3608; x_wconf 91' lang='lat' dir='ltr'><strong>en</strong></span> <span class='ocrx_word' id='word_1_328' title='bbox 609 3552 716 3618; x_wconf 84' lang='lat' dir='ltr'><strong>wollte,</strong></span> <span class='ocrx_word' id='word_1_329' title='bbox 742 3552 785 3609; x_wconf 89' lang='lat' dir='ltr'><strong>bei</strong></span> <span class='ocrx_word' id='word_1_330' title='bbox 807 3554 878 3608; x_wconf 85' lang='lat' dir='ltr'><strong>eals</strong></span> <span class='ocrx_word' id='word_1_331' title='bbox 900 3552 1015 3608; x_wconf 69' lang='lat' dir='ltr'><strong>hoohste</strong></span> <span class='ocrx_word' id='word_1_332' title='bbox 1041 3551 1129 3606; x_wconf 68' lang='lat' dir='ltr'><strong>(iliter</strong></span> <span class='ocrx_word' id='word_1_333' title='bbox 1156 3552 1309 3608; x_wconf 84' lang='lat' dir='ltr'><strong>annehmen</strong></span> 
     </span>
     <span class='ocr_line' id='line_1_36' title="bbox 142 3620 1307 3704; baseline -0.003 -26"><span class='ocrx_word' id='word_1_334' title='bbox 142 3625 264 3686; x_wconf 73' lang='lat' dir='ltr'><strong>musaeu,</strong></span> <span class='ocrx_word' id='word_1_335' title='bbox 283 3623 327 3677; x_wconf 87' lang='lat' dir='ltr'><strong>nio</strong></span> <span class='ocrx_word' id='word_1_336' title='bbox 349 3626 362 3677; x_wconf 90' lang='lat' dir='ltr'><strong>t</strong></span> <span class='ocrx_word' id='word_1_337' title='bbox 380 3621 443 3676; x_wconf 87' lang='lat' dir='ltr'><strong>aber</strong></span> <span class='ocrx_word' id='word_1_338' title='bbox 462 3623 506 3678; x_wconf 90' lang='lat' dir='ltr'><strong>die</strong></span> <span class='ocrx_word' id='word_1_339' title='bbox 519 3622 776 3704; x_wconf 77' lang='lat' dir='ltr'><strong>Sohmerzloaiglreit</strong></span> <span class='ocrx_word' id='word_1_340' title='bbox 793 3623 886 3688; x_wconf 79' lang='lat' dir='ltr'><strong>allein3</strong></span> <span class='ocrx_word' id='word_1_341' title='bbox 905 3622 977 3676; x_wconf 87' lang='lat' dir='ltr'><strong>donn</strong></span> <span class='ocrx_word' id='word_1_342' title='bbox 995 3640 1022 3676; x_wconf 88' lang='lat' dir='ltr'><strong>ea</strong></span> <span class='ocrx_word' id='word_1_343' title='bbox 1042 3620 1104 3675; x_wconf 89' lang='lat' dir='ltr'><strong>sind</strong></span> <span class='ocrx_word' id='word_1_344' title='bbox 1118 3620 1226 3692; x_wconf 84' lang='lat' dir='ltr'><strong>jazwei</strong></span> <span class='ocrx_word' id='word_1_345' title='bbox 1236 3639 1307 3691; x_wconf 81' lang='lat' dir='ltr'><strong>ganz</strong></span> 
     </span>
     <span class='ocr_line' id='line_1_37' title="bbox 141 3689 1308 3762; baseline -0.001 -18"><span class='ocrx_word' id='word_1_346' title='bbox 141 3689 336 3746; x_wconf 83' lang='lat' dir='ltr'><strong>verschiedene</strong></span> <span class='ocrx_word' id='word_1_347' title='bbox 347 3691 446 3762; x_wconf 81' lang='lat' dir='ltr'><strong>Dioge,</strong></span> <span class='ocrx_word' id='word_1_348' title='bbox 465 3691 509 3745; x_wconf 90' lang='lat' dir='ltr'><strong>die</strong></span> <span class='ocrx_word' id='word_1_349' title='bbox 520 3691 623 3762; x_wconf 81' lang='lat' dir='ltr'><strong>Epicur</strong></span> <span class='ocrx_word' id='word_1_350' title='bbox 640 3692 670 3746; x_wconf 89' lang='lat' dir='ltr'><strong>in</strong></span> <span class='ocrx_word' id='word_1_351' title='bbox 688 3709 776 3747; x_wconf 86' lang='lat' dir='ltr'><strong>emem</strong></span> <span class='ocrx_word' id='word_1_352' title='bbox 787 3691 933 3746; x_wconf 83' lang='lat' dir='ltr'><strong>Ausdruok</strong></span> <span class='ocrx_word' id='word_1_353' title='bbox 950 3689 1235 3746; x_wconf 80' lang='lat' dir='ltr'><strong>zusammenzulaaseu</strong></span> <span class='ocrx_word' id='word_1_354' title='bbox 1251 3707 1308 3744; x_wconf 86' lang='lat' dir='ltr'><strong>ver·</strong></span> 
     </span>
     <span class='ocr_line' id='line_1_38' title="bbox 143 3759 1309 3830; baseline 0.001 -17"><span class='ocrx_word' id='word_1_355' title='bbox 143 3760 233 3815; x_wconf 86' lang='lat' dir='ltr'><strong>sucht.</strong></span> <span class='ocrx_word' id='word_1_356' title='bbox 256 3760 402 3816; x_wconf 84' lang='lat' dir='ltr'><strong>Biaweilen</strong></span> <span class='ocrx_word' id='word_1_357' title='bbox 421 3760 525 3830; x_wconf 85' lang='lat' dir='ltr'><strong>aprioht</strong></span> <span class='ocrx_word' id='word_1_358' title='bbox 542 3779 570 3815; x_wconf 87' lang='lat' dir='ltr'><strong>er</strong></span> <span class='ocrx_word' id='word_1_359' title='bbox 588 3779 618 3814; x_wconf 86' lang='lat' dir='ltr'><strong>ao</strong></span> <span class='ocrx_word' id='word_1_360' title='bbox 636 3780 689 3815; x_wconf 87' lang='lat' dir='ltr'><strong>von</strong></span> <span class='ocrx_word' id='word_1_361' title='bbox 708 3760 755 3814; x_wconf 85' lang='lat' dir='ltr'><strong>der</strong></span> <span class='ocrx_word' id='word_1_362' title='bbox 773 3760 923 3815; x_wconf 85' lang='lat' dir='ltr'><strong>sinuliohen</strong></span> <span class='ocrx_word' id='word_1_363' title='bbox 940 3760 1021 3824; x_wconf 85' lang='lat' dir='ltr'><strong>Luat,</strong></span> <span class='ocrx_word' id='word_1_364' title='bbox 1039 3759 1102 3814; x_wconf 84' lang='lat' dir='ltr'><strong>dass</strong></span> <span class='ocrx_word' id='word_1_365' title='bbox 1121 3777 1149 3814; x_wconf 91' lang='lat' dir='ltr'><strong>er</strong></span> <span class='ocrx_word' id='word_1_366' title='bbox 1167 3777 1249 3830; x_wconf 82' lang='lat' dir='ltr'><strong>sogor</strong></span> <span class='ocrx_word' id='word_1_367' title='bbox 1266 3759 1309 3814; x_wconf 91' lang='lat' dir='ltr'><strong>die</strong></span> 
     </span>
     <span class='ocr_line' id='line_1_39' title="bbox 142 3828 1308 3901; baseline 0.001 -19"><span class='ocrx_word' id='word_1_368' title='bbox 142 3828 225 3884; x_wconf 82' lang='lat' dir='ltr'><strong>Sohw</strong></span> <span class='ocrx_word' id='word_1_369' title='bbox 269 3829 323 3884; x_wconf 86' lang='lat' dir='ltr'><strong>orei</strong></span> <span class='ocrx_word' id='word_1_370' title='bbox 340 3829 370 3883; x_wconf 90' lang='lat' dir='ltr'><strong>in</strong></span> <span class='ocrx_word' id='word_1_371' title='bbox 388 3829 489 3896; x_wconf 85' lang='lat' dir='ltr'><strong>Sohutz</strong></span> <span class='ocrx_word' id='word_1_372' title='bbox 508 3848 542 3882; x_wconf 89' lang='lat' dir='ltr'><strong>zu</strong></span> <span class='ocrx_word' id='word_1_373' title='bbox 560 3830 675 3884; x_wconf 88' lang='lat' dir='ltr'><strong>nehmen</strong></span> <span class='ocrx_word' id='word_1_374' title='bbox 694 3829 812 3892; x_wconf 87' lang='lat' dir='ltr'><strong>sohoint‚</strong></span> <span class='ocrx_word' id='word_1_375' title='bbox 831 3849 909 3886; x_wconf 87' lang='lat' dir='ltr'><strong>wenn</strong></span> <span class='ocrx_word' id='word_1_376' title='bbox 927 3829 972 3884; x_wconf 89' lang='lat' dir='ltr'><strong>ihr</strong></span> <span class='ocrx_word' id='word_1_377' title='bbox 986 3829 1101 3900; x_wconf 85' lang='lat' dir='ltr'><strong>jemand</strong></span> <span class='ocrx_word' id='word_1_378' title='bbox 1118 3832 1199 3883; x_wconf 88' lang='lat' dir='ltr'><strong>unter</strong></span> <span class='ocrx_word' id='word_1_379' title='bbox 1216 3829 1308 3901; x_wconf 81' lang='lat' dir='ltr'><strong>gewis·</strong></span> 
     </span>
     <span class='ocr_line' id='line_1_40' title="bbox 144 3897 752 3978; baseline 0 -27"><span class='ocrx_word' id='word_1_380' title='bbox 144 3915 194 3952; x_wconf 88' lang='lat' dir='ltr'><strong>sen</strong></span> <span class='ocrx_word' id='word_1_381' title='bbox 211 3898 279 3952; x_wconf 82' lang='lat' dir='ltr'><strong>Be‘</strong></span> <span class='ocrx_word' id='word_1_382' title='bbox 321 3915 412 3978; x_wconf 75' lang='lat' dir='ltr'><strong>ungen</strong></span> <span class='ocrx_word' id='word_1_383' title='bbox 430 3897 533 3953; x_wconf 74' lang='lat' dir='ltr'><strong>frohnt.</strong></span> <span class='ocrx_word' id='word_1_384' title='bbox 569 3898 645 3970; x_wconf 79' lang='lat' dir='ltr'><strong>(Cap.</strong></span> <span class='ocrx_word' id='word_1_385' title='bbox 664 3902 752 3964; x_wconf 86' lang='grc'>6-8.)</span> 
     </span>
    </p>

    <p class='ocr_par' dir='ltr' id='par_1_12' title="bbox 143 3965 1310 4382">
     <span class='ocr_line' id='line_1_41' title="bbox 213 3965 1310 4038; baseline 0 -18"><span class='ocrx_word' id='word_1_386' title='bbox 213 3967 343 4030; x_wconf 76' lang='lat' dir='ltr'><strong>Finem,</strong></span> <span class='ocrx_word' id='word_1_387' title='bbox 361 3985 396 4020; x_wconf 85' lang='lat' dir='ltr'><strong>ru</strong></span> <span class='ocrx_word' id='word_1_388' title='bbox 425 3967 489 4030; x_wconf 90' lang='lat' dir='ltr'><strong>nit,</strong></span> <span class='ocrx_word' id='word_1_389' title='bbox 507 3966 752 4038; x_wconf 81' lang='lat' dir='ltr'><strong>interrogandi</strong></span> <span class='ocrx_word' id='word_1_390' title='bbox 770 3965 853 4021; x_wconf 68' lang='lat' dir='ltr'><strong>ntml.</strong></span> <span class='ocrx_word' id='word_1_391' title='bbox 866 3967 1006 4022; x_wconf 80' lang='lat' dir='ltr'><strong>faciamus.</strong></span> <span class='ocrx_word' id='word_1_392' title='bbox 1024 3967 1066 4021; x_wconf 83' lang='lat' dir='ltr'><strong>IV</strong></span> <span class='ocrx_word' id='word_1_393' title='bbox 1085 3972 1107 4028; x_wconf 90' lang='lat'><strong>1,</strong></span> <span class='ocrx_word' id='word_1_394' title='bbox 1128 3972 1141 4019; x_wconf 89' lang='lat'>1</span> <span class='ocrx_word' id='word_1_395' title='bbox 1161 3983 1229 4036; x_wconf 82' lang='lat' dir='ltr'><strong>quae</strong></span> <span class='ocrx_word' id='word_1_396' title='bbox 1247 3983 1310 4020; x_wconf 88' lang='lat' dir='ltr'><strong>oum</strong></span> 
     </span>
     <span class='ocr_line' id='line_1_42' title="bbox 144 4033 1309 4106; baseline -0.002 -16"><span class='ocrx_word' id='word_1_397' title='bbox 144 4033 267 4098; x_wconf 84' lang='lat' dir='ltr'><strong>dixisset,</strong></span> <span class='ocrx_word' id='word_1_398' title='bbox 286 4035 393 4091; x_wconf 86' lang='lat' dir='ltr'><strong>fiuem‘</strong></span> <span class='ocrx_word' id='word_1_399' title='bbox 417 4054 440 4091; x_wconf 87' lang='lat' dir='ltr'><strong>e.</strong></span> <span class='ocrx_word' id='word_1_400' title='bbox 478 4035 511 4090; x_wconf 90' lang='lat' dir='ltr'><strong>de</strong></span> <span class='ocrx_word' id='word_1_401' title='bbox 528 4040 585 4090; x_wconf 86' lang='lat' dir='ltr'><strong>nat.</strong></span> <span class='ocrx_word' id='word_1_402' title='bbox 603 4036 675 4091; x_wconf 88' lang='lat' dir='ltr'><strong>deor.</strong></span> <span class='ocrx_word' id='word_1_403' title='bbox 699 4036 802 4098; x_wconf 82' lang='lat'><strong>11140,</strong></span> <span class='ocrx_word' id='word_1_404' title='bbox 822 4040 855 4088; x_wconf 88' lang='grc'><strong>94</strong></span> <span class='ocrx_word' id='word_1_405' title='bbox 882 4055 951 4106; x_wconf 87' lang='lat' dir='ltr'><strong>quae</strong></span> <span class='ocrx_word' id='word_1_406' title='bbox 979 4055 1041 4090; x_wconf 86' lang='lat' dir='ltr'><strong>oum</strong></span> <span class='ocrx_word' id='word_1_407' title='bbox 1068 4035 1198 4102; x_wconf 82' lang='lat' dir='ltr'><strong>dixisset,</strong></span> <span class='ocrx_word' id='word_1_408' title='bbox 1227 4033 1309 4088; x_wconf 80' lang='lat' dir='ltr'><strong>Cotta</strong></span> 
     </span>
     <span class='ocr_line' id='line_1_43' title="bbox 143 4103 1309 4185; baseline -0.003 -27"><span class='ocrx_word' id='word_1_409' title='bbox 143 4105 234 4158; x_wconf 88' lang='lat' dir='ltr'><strong>finem.</strong></span> <span class='ocrx_word' id='word_1_410' title='bbox 323 4103 869 4185; x_wconf 86' lang='lat' dir='ltr'><strong>quodquidem-itamemalle</strong></span> <span class='ocrx_word' id='word_1_411' title='bbox 893 4103 1050 4160; x_wconf 85' lang='lat' dir='ltr'><strong>dixeram.</strong></span> <span class='ocrx_word' id='word_1_412' title='bbox 1088 4104 1167 4158; x_wconf 86' lang='lat' dir='ltr'><strong>Dieae</strong></span> <span class='ocrx_word' id='word_1_413' title='bbox 1185 4106 1238 4159; x_wconf 80' lang='lat' dir='ltr'><strong>Art</strong></span> <span class='ocrx_word' id='word_1_414' title='bbox 1255 4120 1309 4156; x_wconf 90' lang='lat' dir='ltr'><strong>von</strong></span> 
     </span>
     <span class='ocr_line' id='line_1_44' title="bbox 143 4172 1302 4244; baseline -0.003 -16"><span class='ocrx_word' id='word_1_415' title='bbox 143 4173 324 4229; x_wconf 83' lang='lat' dir='ltr'><strong>Pleonasmus</strong></span> <span class='ocrx_word' id='word_1_416' title='bbox 342 4173 380 4227; x_wconf 87' lang='lat' dir='ltr'><strong>ist</strong></span> <span class='ocrx_word' id='word_1_417' title='bbox 397 4174 441 4228; x_wconf 88' lang='lat' dir='ltr'><strong>be1</strong></span> <span class='ocrx_word' id='word_1_418' title='bbox 459 4173 514 4228; x_wconf 72' lang='lat' dir='ltr'><strong>cio.</strong></span> <span class='ocrx_word' id='word_1_419' title='bbox 533 4174 594 4227; x_wconf 87' lang='lat' dir='ltr'><strong>sehr</strong></span> <span class='ocrx_word' id='word_1_420' title='bbox 611 4173 685 4228; x_wconf 76' lang='lat' dir='ltr'><strong>hliufi</strong></span> <span class='ocrx_word' id='word_1_421' title='bbox 712 4194 718 4224; x_wconf 72' lang='grc' dir='ltr'><strong>ε</strong></span> <span class='ocrx_word' id='word_1_422' title='bbox 749 4173 764 4227; x_wconf 90' lang='grc' dir='ltr'>Ι</span> <span class='ocrx_word' id='word_1_423' title='bbox 783 4177 806 4236; x_wconf 77' lang='lat' dir='ltr'><strong>t,</strong></span> <span class='ocrx_word' id='word_1_424' title='bbox 825 4176 858 4226; x_wconf 87' lang='grc'><strong>26</strong></span> <span class='ocrx_word' id='word_1_425' title='bbox 877 4173 948 4244; x_wconf 88' lang='lat' dir='ltr'><strong>quod</strong></span> <span class='ocrx_word' id='word_1_426' title='bbox 966 4173 1019 4227; x_wconf 86' lang='lat' dir='ltr'><strong>tibi</strong></span> <span class='ocrx_word' id='word_1_427' title='bbox 1036 4173 1076 4226; x_wconf 86' lang='lat' dir='ltr'><strong>ita</strong></span> <span class='ocrx_word' id='word_1_428' title='bbox 1094 4172 1180 4227; x_wconf 84' lang='lat' dir='ltr'><strong>videri</strong></span> <span class='ocrx_word' id='word_1_429' title='bbox 1197 4189 1302 4226; x_wconf 83' lang='lat' dir='ltr'><strong>neeesse</strong></span> 
     </span>
     <span class='ocr_line' id='line_1_45' title="bbox 144 4239 1310 4312; baseline -0.002 -16"><span class='ocrx_word' id='word_1_430' title='bbox 144 4247 196 4296; x_wconf 86' lang='lat' dir='ltr'><strong>est.</strong></span> <span class='ocrx_word' id='word_1_431' title='bbox 222 4244 253 4298; x_wconf 93' lang='grc' dir='ltr'>Π</span> <span class='ocrx_word' id='word_1_432' title='bbox 272 4247 296 4306; x_wconf 90' lang='grc'><strong>9,</strong></span> <span class='ocrx_word' id='word_1_433' title='bbox 315 4239 415 4297; x_wconf 73' lang='lat'>28&#39;0111</span> <span class='ocrx_word' id='word_1_434' title='bbox 432 4241 461 4296; x_wconf 90' lang='lat' dir='ltr'><strong>id</strong></span> <span class='ocrx_word' id='word_1_435' title='bbox 480 4243 593 4296; x_wconf 84' lang='lat' dir='ltr'><strong>nonita</strong></span> <span class='ocrx_word' id='word_1_436' title='bbox 611 4243 659 4297; x_wconf 79' lang='lat' dir='ltr'><strong>fit?</strong></span> <span class='ocrx_word' id='word_1_437' title='bbox 737 4246 779 4306; x_wconf 78' lang='lat'><strong>26,</strong></span> <span class='ocrx_word' id='word_1_438' title='bbox 799 4245 832 4295; x_wconf 76' lang='lat'><strong>77</strong></span> <span class='ocrx_word' id='word_1_439' title='bbox 851 4242 924 4312; x_wconf 90' lang='lat' dir='ltr'><strong>quod</strong></span> <span class='ocrx_word' id='word_1_440' title='bbox 941 4242 995 4296; x_wconf 89' lang='lat' dir='ltr'><strong>nisi</strong></span> <span class='ocrx_word' id='word_1_441' title='bbox 1012 4243 1054 4296; x_wconf 84' lang='lat' dir='ltr'><strong>ita</strong></span> <span class='ocrx_word' id='word_1_442' title='bbox 1072 4241 1193 4296; x_wconf 80' lang='lat' dir='ltr'><strong>efficitur.</strong></span> <span class='ocrx_word' id='word_1_443' title='bbox 1229 4240 1310 4294; x_wconf 76' lang='lat' dir='ltr'><strong>Tuae·</strong></span> 
     </span>
     <span class='ocr_line' id='line_1_46' title="bbox 145 4307 1310 4382; baseline -0.002 -18"><span class='ocrx_word' id='word_1_444' title='bbox 145 4311 174 4364; x_wconf 84' lang='lat' dir='ltr'>V</span> <span class='ocrx_word' id='word_1_445' title='bbox 193 4316 232 4376; x_wconf 87' lang='grc'><strong>16,</strong></span> <span class='ocrx_word' id='word_1_446' title='bbox 251 4316 285 4366; x_wconf 84' lang='grc'><strong>46</strong></span> <span class='ocrx_word' id='word_1_447' title='bbox 304 4312 376 4382; x_wconf 90' lang='lat' dir='ltr'><strong>quod</strong></span> <span class='ocrx_word' id='word_1_448' title='bbox 394 4311 423 4365; x_wconf 90' lang='lat' dir='ltr'><strong>ni</strong></span> <span class='ocrx_word' id='word_1_449' title='bbox 440 4311 482 4365; x_wconf 85' lang='lat' dir='ltr'><strong>ita</strong></span> <span class='ocrx_word' id='word_1_450' title='bbox 500 4311 660 4365; x_wconf 83' lang='lat' dir='ltr'><strong>tenebimus.</strong></span> <span class='ocrx_word' id='word_1_451' title='bbox 687 4311 720 4366; x_wconf 89' lang='lat' dir='ltr'><strong>de</strong></span> <span class='ocrx_word' id='word_1_452' title='bbox 737 4315 794 4365; x_wconf 86' lang='lat' dir='ltr'><strong>nat.</strong></span> <span class='ocrx_word' id='word_1_453' title='bbox 814 4311 884 4365; x_wconf 89' lang='lat' dir='ltr'><strong>deor.</strong></span> <span class='ocrx_word' id='word_1_454' title='bbox 903 4312 919 4364; x_wconf 97' lang='lat' dir='ltr'>I</span> <span class='ocrx_word' id='word_1_455' title='bbox 937 4315 977 4374; x_wconf 86' lang='lat'><strong>30,</strong></span> <span class='ocrx_word' id='word_1_456' title='bbox 997 4314 1030 4364; x_wconf 84' lang='lat'><strong>84</strong></span> <span class='ocrx_word' id='word_1_457' title='bbox 1048 4309 1123 4364; x_wconf 87' lang='lat' dir='ltr'><strong>istud</strong></span> <span class='ocrx_word' id='word_1_458' title='bbox 1142 4307 1252 4379; x_wconf 87' lang='lat' dir='ltr'><strong>quidem</strong></span> <span class='ocrx_word' id='word_1_459' title='bbox 1269 4309 1310 4362; x_wconf 88' lang='lat' dir='ltr'><strong>ita</strong></span> 
     </span>
    </p>
   </div>
   <div class='ocr_carea' id='block_1_7' title="bbox 0 0 1523 4948">
    <p class='ocr_par' dir='ltr' id='par_1_13' title="bbox 0 0 1523 4948">
     <span class='ocr_line' id='line_1_47' title="bbox 0 0 1523 4948; baseline 0 0"><span class='ocrx_word' id='word_1_460' title='bbox 0 0 1523 4948; x_wconf 95' lang='lat' dir='ltr'><strong> </strong></span> 
     </span>
    </p>
   </div>
  </div>
 </body>
</html>
