2942 4950
323 305 385 360 ιιι.
403 305 452 359 ru.
489 304 554 360 cn.
572 305 822 361 111111-111111
859 309 888 372 §a
908 281 1017 360 ic-re.
1191 310 1253 374 213

94 474 177 560 δαξα
198 475 258 554 illi,
283 497 344 540 nos
367 475 574 540 admirabilia
597 467 755 540 dicamus.
803 477 892 541 Quid
915 483 1027 542 autem
1050 478 1176 542 habent
1197 478 1253 543 ad-

91 575 291 658 mirationis,
323 599 401 641 cum
431 598 532 662 prope
565 579 767 646 accesseris?
813 578 989 644 Conferam
1014 587 1128 644 tecum
1156 603 1254 664 quam

92 679 209 762 cuique
232 680 333 745 verbo
357 700 426 744 rem
449 680 607 744 subicias:
639 681 731 746 nulla
759 681 822 746 erit
850 682 1086 748 controversia.
1133 683 1255 748 Omnia

90 787 231 863 peccata
253 780 346 865 paria
368 781 493 847 dicitis.
538 781 617 846 Non
641 771 703 866 ego
727 790 838 848 tecum
862 785 926 848 iam
954 783 1182 864 itaiocabcr,
1215 791 1255 847 ut
1340 775 1342 778 ¹

91 882 208 947 iisdem
230 879 283 947 his
308 885 348 948 de
371 885 488 963 rebus,
520 907 594 950 cum
616 883 657 948 L.
682 885 857 950 Murenam
880 893 914 949 te
939 894 1115 951 accusante
1139 886 1253 952 defen·

92 985 213 1050 derem.
260 987 361 1072 Apud
383 986 553 1072 imperitos
577 993 651 1050 tum
672 987 731 1050 illa
755 987 845 1052 dicta
868 996 963 1067 sunt,
997 988 1121 1072 aliquid
1153 987 1254 1052 etiam

92 1109 230 1152 coronae
257 1089 385 1154 datum:
419 1111 506 1154 nunc
537 1089 703 1173 agendum
732 1096 784 1153 est
807 1091 974 1155 subtilius.
1022 1089 1254 1174 1761111111

89 1190 192 1275 paria.
240 1191 394 1256 Quonam
416 1193 536 1260 modo?
581 1192 669 1257 Quia
690 1214 752 1257 nec
775 1183 915 1258 honesto
946 1195 1121 1278 quicquam
1151 1195 1253 1258 hone·

89 1290 174 1357 etius
196 1315 258 1358 nec
280 1295 372 1380 turpi
397 1295 539 1380 turpius.
585 1296 692 1380 Perge
714 1319 826 1381 pcrrc;
857 1319 933 1360 nam
965 1297 1006 1360 de
1037 1297 1102 1360 isto
1133 1317 1255 1380 magna

90 1395 252 1461 dissensio
277 1402 338 1461 est.
385 1397 451 1462 Illa
473 1405 669 1482 argumenta
690 1398 823 1482 propria
844 1397 1030 1476 videamus,
1062 1421 1122 1463 ¹cur
1146 1397 1255 1461 omnia

89 1499 159 1563 sint
180 1500 270 1584 paria
292 1508 441 1586 peccata.
488 1501 547 1582 Ut,
571 1501 695 1584 inquit,
718 1500 752 1566 in
776 1501 898 1566 fidibus
920 1501 1087 1586 pluribus,
1112 1501 1141 1565 si
1162 1500 1256 1565 nulla

90 1626 202 1667 earum
224 1603 272 1667 ita
296 1608 454 1667 contenta
476 1605 585 1668 nervis
608 1605 672 1683 sit,
696 1612 735 1666 ut
759 1611 957 1669 concentum
980 1625 1109 1668 ser-vare
1133 1604 1250 1688 possit,

90 1727 205 1770 omnes
229 1727 332 1790 aeque
355 1707 569 1772 incontentae
593 1707 675 1786 sint,
702 1707 748 1770 sic
772 1715 925 1791 peccata,
951 1707 1027 1792 quia
1050 1707 1251 1792 discrepant,

90 1831 194 1893 aeque
219 1805 423 1893 discrepant:
449 1809 540 1894 paria
563 1816 642 1874 sunt
663 1810 778 1894 igitur.
824 1809 889 1874 Hic
913 1809 1069 1894 ambiguo
1093 1809 1249 1873 ludimur.

90 1920 208 1996 Aeque
232 1913 318 1978 enim
342 1912 509 1998 contingit
532 1914 684 1978 omnibus
708 1913 845 1991 fidibus,
875 1920 915 1975 ut
936 1912 1151 1977 incontentae
1175 1913 1253 1990 sint,

87 2017 175 2080 illud
198 2039 265 2080 non
299 2017 474 2090 continuo,
508 2021 546 2080 ut
577 2038 679 2099 aeque
711 2015 936 2080 incontentae.
983 2014 1128 2078 Collatio
1151 2013 1255 2097 igitur

87 2121 156 2184 ista
178 2126 213 2183 te
235 2119 319 2184 nihil
340 2120 433 2182 iuvat
439 2144 448 2196 ;
474 2140 534 2182 nec
559 2117 660 2196 enim,
685 2140 797 2183 omnes
821 2116 977 2182 avaritias
1001 2117 1029 2180 si
1052 2137 1154 2200 aeque
1178 2138 1254 2179 ava-

87 2223 184 2286 ritias
208 2243 279 2286 esse
303 2222 492 2300 dixerimus,
518 2227 674 2304 sequetur
693 2227 732 2284 ut
748 2219 849 2284 etiam
864 2242 985 2303 aequas
1002 2240 1074 2283 esse
1094 2219 1254 2282 dicamus.

87 2325 155 2412 (76)
180 2325 267 2389 Ecce
289 2325 379 2389 aliud
395 2324 502 2388 simile
519 2323 689 2389 dissimile.
721 2323 770 2386 Ut
785 2323 883 2402 enim,
907 2322 1026 2406 inquit,
1051 2322 1255 2405 gubernator

89 2449 196 2512 aeque
219 2434 355 2514 peccat,
389 2419 417 2491 si
440 2427 607 2512 palearum
630 2449 748 2491 navem
780 2427 903 2491 evertit
927 2432 961 2490 et
993 2425 1020 2488 si
1052 2424 1138 2503 auri,
1171 2423 1253 2487 item

87 2652 235 2732 deformes,
254 2669 351 2714 servos,
371 2651 481 2706 exsules.
537 2719 543 2731 ι
568 2651 660 2705 Haec
677 2649 947 2738 ncpddoffc‘illi
974 2649 1057 2704 niml.
1076 2648 1252 2730 <lieentum

87 2721 338 2861 tltttttfsstl
355 2721 519 2860 {ttttttt
536 2721 762 2844 {ladislai
782 2717 1253 2868 66116111111611611

88 2859 202 2914 Stoilrsr
228 2858 298 2912 auch
325 2859 482 2939 sententiae.
519 2875 557 2938 or:
575 2877 601 2928 p.
619 2858 691 2911 Mur.
711 2863 753 2939 29,
772 2861 802 2910 61
831 2857 1080 2937 111111111261101111)
1105 2857 1255 2937 sententiae

87 2931 204 2983 suntet
240 2945 315 2982 raece
334 2931 364 2981 ta
382 2927 464 2980 huius
482 2925 565 2982 mcdr.
601 2925 783 2981 Bokanntlrch
801 2926 851 2981 hat
868 2944 897 2980 cr
915 2943 1003 2996 ernrge
1021 2925 1109 2980 dieser
1127 2925 1207 2978 Sotae
1224 2941 1255 2976 m

87 2997 180 3051 seincr
199 2995 232 3050 Sc
268 2995 302 3050 'ft
343 2996 460 3050 aradoxa
479 2995 633 3049 Stoicorum
651 2993 804 3050 behandelt.
865 2993 962 3064 Apud
981 2993 1164 3064 imperitos
1183 2996 1254 3047 tum

87 3066 154 3120 illa
172 3064 265 3120 diota
285 3067 372 3119 sunt
408 3065 523 3127 Ardere,
542 3062 601 3117 weil
618 3063 657 3116 im
676 3064 783 3127 Schera,
811 3061 884 3116 stellt
902 3061 957 3116 Cic.
975 3060 1019 3116 die
1038 3061 1123 3115 Sache
1149 3062 1179 3115 in
1206 3060 1254 3115 der
1312 3073 1316 3084 ¹

87 3133 167 3189 Rode
184 3153 232 3205 pro
250 3134 365 3188 Murena
384 3137 425 3198 29,
445 3136 475 3186 61
496 3130 557 3185 dar:
577 3134 622 3211 ⁸et
639 3133 769 3200 quoniam
787 3149 842 3185 non
860 3134 902 3184 est
920 3129 998 3184 nobis
1016 3129 1082 3184 hacc
1100 3131 1188 3210 oratio
1206 3129 1254 3182 ha·

89 3203 181 3257 benda
191 3203 263 3283 apud
272 3201 429 3273 imperitam
442 3200 649 3254 multitudinem
662 3205 710 3254 aut
728 3201 757 3254 in
775 3199 866 3280 aliquo
884 3201 1018 3252 conventu
1036 3201 1185 3267 agrestrum
1204 3199 1254 3250 etc.

89 3272 149 3327 Oic.
168 3270 272 3393 sprrcht
289 3290 338 3325 vor
354 3270 496 3332 Richtern,
516 3269 559 3323 die
577 3268 655 3322 nicht
671 3266 876 3340 philosophrsch
894 3265 1015 3336 gebildct
1032 3284 1134 3329 waren,
1154 3283 1181 3320 er
1199 3265 1253 3336 gab

90 3340 165 3396 auch
203 3358 235 3394 cn
254 3339 394 3394 Zuhdrern
412 3343 494 3394 etwas
513 3357 576 3393 zum
595 3337 695 3392 besten.

163 3409 209 3462 tt.
245 3405 816 3478 curomniasintpariapeccata.
852 3404 903 3459 Die
922 3402 1030 3456 Stoiker
1047 3401 1166 3457 nahmen
1183 3400 1254 3455 nach

89 3478 155 3532 dem
172 3477 334 3532 Paradoxon
363 3477 406 3533 ὅτι
425 3481 475 3532 ἴσα
493 3478 526 3530 τὰ
548 3475 739 3558 ἁμαρτήματα
758 3479 805 3528 καὶ
822 3475 857 3528 τὰ
877 3471 1093 3546 κατορθώματα
1112 3490 1164 3533 an,
1192 3470 1255 3524 dass

89 3547 143 3602 alle
160 3550 246 3616 guten
263 3545 448 3616 Handlungen
467 3545 518 3603 auf
532 3544 579 3598 der
597 3562 682 3608 emen,
700 3543 758 3598 und
776 3543 825 3596 alle
843 3541 1044 3610 Verfehlungen
1062 3539 1114 3594 auf
1136 3539 1183 3594 der
1210 3557 1254 3592 an·

89 3617 174 3670 deren
193 3615 264 3668 Seite
283 3614 341 3669 sich
359 3633 395 3668 an
413 3613 510 3668 Werth
528 3613 617 3684 gleich
635 3614 738 3668 stehen.
807 3681 813 3692 ·
842 3611 900 3674 Ut,
918 3609 1047 3680 inquit,
1066 3607 1252 3690 insidii->us

115 3683 251 3738 iuribus
269 3687 319 3738 etc.
347 3683 398 3754 eig.
416 3701 495 3738 wenn
512 3680 1064 3738 untermehrerenSa1teninstm1menten
1091 3677 1134 3731 dre
1161 3676 1255 3730 Sarten

88 3705 185 3808 lemos
204 3752 326 3824 einzigen
344 3771 374 3806 sc
412 3754 538 3834 espanntu
546 3751 625 3832 sind,
643 3751 707 3832 dass
725 3749 846 3830 desselbe
863 3746 1104 3803 harmonicrenden
1120 3744 1254 3829 Ι’.1111111111-

87 3815 1066 3960 111111111..1111111111111111111
1078 3816 1255 3939 ilapidllll

89 3959 192 4014 fidibus
209 3960 250 4022 fit,
268 3962 302 4014 ut
322 3989 350 3999 -
372 3975 455 4028 aeque
472 3958 646 4013 incontentae
665 3958 728 4012 sint.
747 3985 780 3995 -
798 3956 886 4010 Ueber
903 3955 995 4026 inquit
1012 3973 1034 4008 s.
1052 3973 1087 4008 zu
1152 3958 1194 4018 26,
1212 3956 1254 4006 93.

89 4030 318 4084 incontentae
337 4027 424 4081 ‘nicht
441 4029 620 4098 angcspannt’
639 4027 678 4080 im
687 4026 839 4096 Gegensatz
857 4043 891 4079 zu
909 4028 1053 4079 contentus
1072 4040 1125 4078 von
1134 4021 1189 4077 Cic.
1202 4039 1254 4075 neu

89 4097 213 4168 gebildet
230 4096 288 4150 und
306 4100 384 4150 const
401 4095 478 4151 nicht
497 4095 588 4151 weiter
605 4093 807 4151 vorkommcnd.
1174 4157 1179 4168 .
1212 4157 1218 4168 ·

162 4165 209 4220 76.
245 4166 332 4220 Ecce
350 4165 447 4219 aliud
465 4184 486 4218 s.
505 4183 540 4219 au
557 4166 572 4219 1
591 4169 631 4228 16,
650 4169 691 4218 61.
780 4161 895 4216 simile
913 4160 1089 4215 dissimile
1111 4183 1135 4206 =
1159 4157 1254 4220 simile,

89 4233 175 4306 quod,
195 4236 219 4289 si
238 4233 392 4288 accuratius
410 4233 572 4304 quaerimus,
592 4232 723 4288 dissimile
741 4235 789 4286 est.
893 4230 1067 4300 palearum
1085 4245 1201 4282 navem
1220 4255 1252 4264 ·-

90 4304 170 4359 auri
189 4304 257 4358 ‘eine
275 4301 477 4372 Schiffsladung
495 4301 588 4372 Spreu,
607 4303 666 4356 sinc
684 4299 886 4370 Schiffsladung
904 4297 991 4352 Gold’.
1010 4297 1097 4352 Ueber
1116 4294 1168 4350 den
1186 4295 1252 4350 Gen.
