2942 4950
407 311 469 368 Ius.
488 312 522 366 V.
557 311 621 366 Ora.
640 311 757 366 11-111.
793 313 822 376 ἐξ
841 316 917 366 6-8.
1172 315 1232 378 221
1315 349 1318 354 ·

76 481 144 546 scio
174 505 216 546 an
245 487 336 548 recte
368 482 507 548 dixerim
537 481 721 568 principem
752 482 1036 566 philosophorum.
1092 483 1147 548 Ad
1179 505 1234 547 eos

75 586 177 670 igitur
207 591 363 650 converte
395 591 446 665 te,
480 606 622 670 quaeso,
657 606 698 649 ex
726 607 839 650 eorum
862 585 948 650 enim
971 585 1104 672 scriptis
1128 593 1163 650 et
1185 586 1234 650 in·
1271 667 1275 674 ι

75 686 202 750 stitutis
226 708 301 750 curn
325 685 431 750 omnis
456 686 607 752 doctrina
628 686 793 764 liberalis,
819 686 923 750 omnis
948 687 1104 765 historia,
1130 687 1234 752 omnis

75 811 179 854 sermo
204 790 339 875 elegans
363 791 448 855 sumi
471 795 598 873 potest,
632 797 704 853 tum
736 789 880 854 varietas
910 795 961 854 est
982 796 1079 854 tanta
1102 790 1233 868 artium,

74 895 114 954 ut
133 913 228 956 nemo
253 891 322 956 siue
346 914 385 956 eo
408 892 631 956 instrumento
656 891 698 955 ad
720 892 823 956 ullam
837 913 907 956 rem
922 892 1138 958 illustriorem
1154 891 1235 956 satis

75 1001 208 1059 ornatus
234 995 341 1078 possit
357 995 525 1061 accedere.
572 995 627 1058 Ab
644 994 696 1058 his
713 1000 872 1075 oratores,
897 996 938 1060 ab
955 995 1006 1060 his
1021 995 1235 1080 imperatores

73 1119 112 1160 ac
142 1118 251 1162 rerum
282 1098 490 1184 publicarum
521 1097 686 1182 principes
717 1097 927 1162 exstiterunt.
974 1097 1022 1162 Ut
1046 1097 1088 1163 ad
1110 1097 1236 1162 minora

73 1201 213 1280 veniam,
238 1199 477 1279 mathematici,
502 1207 632 1284 poetae,
657 1200 785 1278 musici,
811 1199 930 1265 medici
953 1201 1093 1286 denique
1118 1223 1159 1264 ex
1173 1201 1236 1264 hac
1274 1251 1276 1258 ,

72 1309 241 1388 tamquam
264 1303 411 1368 omniurn
434 1303 556 1368 artium
579 1302 712 1366 officina
743 1303 886 1386 profecti
917 1312 1007 1368 sunt.
1055 1303 1099 1389 (8)
1124 1307 1236 1387 Atque

75 1426 137 1488 ego
144 1453 155 1483 ,
178 1405 251 1468 Scis
275 1425 343 1482 me,
369 1403 520 1487 inquam,
554 1402 645 1466 istud
667 1402 756 1468 idem
778 1404 918 1482 sentire,
951 1405 1045 1484 Piso,
1080 1406 1139 1469 sed
1162 1427 1181 1468 a
1202 1411 1236 1467 tc

74 1509 258 1590 opportune
281 1505 372 1570 facta
395 1505 519 1570 mentio
538 1511 610 1582 est3
636 1505 750 1570 studet
766 1505 854 1570 enirn
869 1528 962 1571 meus
979 1505 1091 1571 audire
1109 1506 1235 1584 Cicero,

75 1629 237 1694 quaenam
260 1607 304 1671 sit
326 1607 423 1671 istius
447 1607 586 1686 vetoris,
620 1630 716 1692 quam
749 1629 1002 1696 commemoras,
1037 1609 1259 1674 Academiae·

75 1711 115 1774 de
138 1708 260 1772 finibus
283 1710 445 1774 bonorum
464 1708 822 1794 Peripateticorumque
839 1712 1016 1775 sententia.
1057 1711 1238 1775 Ceusemus

73 1819 186 1876 autem
217 1811 377 1874 facillime
409 1817 443 1874 te
475 1810 510 1875 id
542 1811 718 1896 explanare
750 1835 866 1896 posse,
902 1814 990 1898 quod
1022 1819 1056 1876 et
1087 1815 1238 1878 Staseam

73 1912 336 1998 Neapolitanum
359 1913 483 1975 multos
508 1934 611 1976 annos
635 1913 790 1977 habueris
820 1914 908 1998 apud
935 1921 969 1978 te
995 1919 1029 1978 et
1052 1915 1237 1999 complures
1342 1925 1347 1932 '

73 2016 141 2078 iam
163 2035 293 2078 menses
315 2013 460 2078 Athenis
484 2014 567 2078 haec
589 2013 660 2100 ipsa
683 2022 717 2078 te
741 2036 782 2078 ex
796 2015 964 2080 Antiocho
987 2015 1158 2078 videamus
1182 2035 1236 2077 ex-

74 2118 216 2203 quirere.
262 2118 308 2181 Et
330 2117 388 2181 ille
412 2116 542 2196 ridens,
577 2121 668 2202 Age,
702 2139 780 2202 age,
814 2116 938 2202 iuquit,
972 2156 1013 2166 —
1045 2117 1127 2182 satis
1151 2117 1238 2180 enim

73 2222 162 2284 scite
191 2241 243 2284 me
275 2219 383 2284 nostri
414 2219 575 2285 sermonis
607 2219 804 2304 principium
838 2242 910 2284 esse
941 2219 1078 2284 voluisti
1109 2257 1151 2266 —
1184 2241 1238 2283 ex-

73 2343 237 2407 ponamus
261 2321 477 2400 adulescenti,
503 2322 531 2385 si
554 2343 637 2406 quae
660 2322 748 2387 forte
771 2345 965 2406 possumus;
998 2322 1057 2385 dat
1088 2321 1176 2385 enim
1204 2321 1238 2385 id

74 2425 173 2491 nobis
197 2424 355 2504 solitudo,
381 2424 521 2509 quodsi
545 2424 601 2509 qui
624 2424 705 2490 deus
729 2425 864 2505 diceret,
897 2447 1066 2510 nunquam
1087 2431 1239 2509 putarem

73 2551 128 2594 me
153 2528 188 2592 in
209 2527 392 2593 Academia
414 2534 584 2613 tamquam
615 2529 850 2615 philosophum
882 2529 1146 2616 disputaturum!
1181 2528 1240 2592 sed

72 2654 129 2711 ne,
156 2631 234 2695 dum
256 2631 333 2694 huic
358 2631 533 2716 obsequor,
557 2630 652 2695 vobis
675 2633 837 2697 molestus
853 2633 926 2696 sim.
972 2632 1068 2711 Mihi,
1093 2630 1237 2715 inquam,

73 2733 135 2820 qui
156 2740 192 2797 te
215 2733 250 2797 id
271 2732 381 2819 ipsum
402 2733 542 2818 rogavi?
587 2733 687 2814 Tum,
714 2735 859 2800 Quintus
883 2745 917 2799 et
940 2734 1142 2820 Pomponius
1166 2755 1239 2797 cum

72 2838 165 2902 idem
197 2859 231 2900 se
262 2836 349 2900 velle
382 2835 564 2917 dixissent,
603 2838 679 2901 Piso
713 2860 849 2903 exorsus
882 2841 947 2902 est:
991 2838 1083 2901 ouius
1122 2836 1237 2915 oratio,

72 2938 215 3005 attende
239 2961 376 3022 quaeso,
409 2939 529 3016 Brute,
563 2939 687 3004 satisne
710 2940 862 3004 videatur·
884 2940 1045 3004 Antiochi
1068 2939 1240 3021 complexa
1337 2977 1338 2980 =

71 3063 150 3108 esse
187 3041 408 3120 senteutiam,
448 3063 545 3125 quam
582 3041 666 3120 tibi,
714 3041 770 3124 qui
807 3039 943 3104 fratrem
981 3042 1050 3104 eius
1089 3041 1238 3104 Aristum

92 3230 194 3294 uorum
211 3212 334 3292 princeps
352 3212 518 3305 Aristippus,
536 3211 584 3282 qui
602 3211 743 3265 Socratem
761 3210 894 3265 audierat.
973 3209 1239 3330 institut-ismp-

71 3281 220 3406 pupiqnplers
236 3281 452 3420 hhippqgrplppageen
489 3279 522 3334 de
540 3280 617 3430 offid
636 3283 659 3344 1,
680 3284 692 3332 1
713 3278 852 3428 ebupdare
870 3281 976 3428 oportet
993 3281 1143 3348 praeceptis
1162 3295 1205 3330 ms
1230 3307 1238 3316 -

148 3369 178 3472 d·
214 3369 352 3473 dtaseas
372 3436 422 3473 aus
440 3418 549 3540 Neapel,
578 3437 622 3472 our
638 3416 863 3488 pcnpatetrscher
888 3415 1054 3496 Phrlqsoph,
1081 3413 1240 3494 belrcundet

74 3487 130 3543 mit
148 3487 204 3542 Oic.
222 3486 279 3540 und
297 3487 336 3542 M.
355 3487 429 3548 Piso.
464 3487 526 3567 Vg.
545 3485 578 3542 de
595 3491 665 3541 orat.
682 3485 697 3539 I
715 3489 756 3550 22,
777 3488 825 3538 104
853 3485 906 3540 Est
923 3502 996 3538 emm
1013 3483 1087 3564 apud
1104 3483 1144 3538 M
1163 3481 1238 3536 Prso·

72 3575 147 3620 nem,
166 3555 365 3610 adulescentem
383 3557 440 3610 iam
457 3555 521 3610 huic
545 3552 637 3609 studio
665 3554 806 3619 deditum,
832 3572 938 3608 summo
966 3553 1104 3606 hommem
1129 3551 1238 3674 mqenio

72 3624 218 3694 nostrique
237 3624 452 3747 cupidissimum,
470 3623 667 3695 Peripateticus
681 3624 799 3687 Staseas,
817 3623 899 3677 homo
917 3620 996 3676 nobis
1014 3639 1079 3676 sane
1096 3620 1165 3674 fami
1175 3618 1239 3674 'aris

75 3699 112 3757 et,
131 3697 165 3748 ut
182 3692 255 3747 inter
293 3693 396 3748 omines
414 3693 515 3764 peritos
540 3695 664 3748 constare
690 3691 785 3755 video,
812 3691 841 3746 in
859 3690 904 3746 illo
922 3709 971 3744 suo
995 3707 1090 3760 genere
1116 3689 1239 3744 omnium

73 3763 219 3884 Pfi¹³⁰⁰ph
252 3765 339 3884 tin}
355 3762 532 3885 {tltttt
551 3757 1240 3884 tiata-'thaladtltrlttlstsstt

74 3850 132 3954 inii
138 3849 227 3953 11diclht
238 3848 374 3953 1idhiimen
392 3899 441 3953 das
459 3918 493 3952 zu
511 3869 599 3961 thun,
627 3847 682 3953 deas
701 3899 748 3952 wir
772 3896 884 3952 niemals
911 3897 956 3952 fiir
983 3869 1103 3968 mogliclr
1129 3897 1238 3951 hielten.

75 3967 216 4038 quodsi
236 3997 265 4007 -
286 3968 512 4022 discretam
529 3968 559 4022 Π
578 3971 618 4030 16,
638 3972 668 4020 51
689 3967 788 4036 quibus
806 3967 831 4021 si
850 3996 880 4005 —
900 3969 1051 4022 uterentur.
1156 3983 1238 4020 nun·

74 4055 176 4107 quam
193 4039 347 4106 putarem
370 4035 453 4091 ntml.
471 4035 604 4100 futurum,
624 4035 711 4090 woliir
728 4037 787 4088 eine
804 4035 955 4106 Epexegess
973 4055 1016 4090 me
1034 4066 1065 4074 -
1085 4034 1238 4105 disputatu-

75 4125 140 4160 rum
159 4104 327 4176 eiugstretsn
345 4107 390 4160 ist.
536 4104 590 4159 sed
608 4123 647 4158 ne
667 4133 695 4142 -
716 4103 814 4158 vobis
833 4103 1000 4158 molestus
1018 4105 1080 4158 sim
1098 4103 1180 4158 ndml.
1198 4118 1238 4154 ve·

71 4173 195 4228 rendum
213 4177 262 4228 cst.
297 4173 328 4227 ΙΙ
345 4179 386 4236 24,
405 4176 437 4227 79
455 4173 498 4227 Nc
516 4174 545 4228 in
563 4174 657 4228 odium
674 4173 798 4234 veniam,
817 4172 840 4226 si
858 4175 976 4227 amicum
1004 4173 1132 4227 destitero
1159 4169 1239 4224 tueri.

75 4242 245 4297 videatur
263 4243 436 4314 complexa
455 4260 527 4296 esse
546 4249 588 4295 ‘zu
600 4242 739 4296 umfasssn
756 4241 878 4303 soheint'‚
896 4241 948 4295 mit
958 4239 1238 4307 Prasensbcdeutung,

76 4333 99 4366 s.
118 4330 154 4366 zu
171 4311 260 4374 1115,
281 4315 320 4364 1⁵1.
436 4311 591 4374 Aristus,
610 4311 656 4364 der
674 4309 780 4365 Bruder
797 4309 843 4363 des
861 4309 1022 4373 Antiochus,
1041 4307 1239 4363 eoademisoher
