2942 4950
401 309 464 364 Iun.
482 309 516 364 V.
552 309 618 364 (lm.
636 309 792 367 VIII-IX.
828 313 858 378 ἕξ
875 315 987 366 22-24.
1034 369 1037 372 .
1202 315 1262 379 231

98 478 254 543 melorum
293 481 338 546 ab
373 502 410 544 eo
442 478 687 565 proficiscetur,
728 480 816 564 quod
848 479 992 544 diximus
1023 488 1160 546 naturae
1192 503 1263 547 esse

97 588 206 666 eptum
235 588 272 646 et
303 582 610 661 accommodatum,
647 581 800 667 quodque
833 582 941 666 ipsum
972 603 1031 667 per
1059 601 1094 646 se
1122 582 1264 668 primum

97 687 280 768 appetetur,
307 687 375 750 hoc
397 691 508 749 totum
533 691 567 748 et
589 684 613 748 ii
635 685 777 762 tollunt,
804 685 860 769 qui
881 685 916 749 in
937 684 1036 748 rebus
1060 684 1111 764 iis,
1136 686 1170 751 in
1193 687 1264 771 qui·

96 785 152 848 bus
174 786 262 850 nihss
293 793 357 851 eut
384 789 562 867 honestum
594 793 652 851 eut
684 794 781 874 turpe
810 787 873 860 sit,
906 790 1031 872 negent
1060 809 1131 852 esse
1160 789 1264 853 ullam

97 907 234 968 oensem,
262 911 325 954 cur
350 889 440 954 eliud
463 889 520 953 alii
542 896 779 973 anteponatur,
809 911 870 954 nec
898 889 984 954 inter
1012 910 1067 954 ees
1096 911 1147 954 res
1172 891 1263 975 quic-

96 1010 187 1070 quam
209 993 353 1057 omnino
369 999 490 1078 putent
505 992 677 1071 interesse,
702 999 736 1056 et
759 991 894 1070 Erillus,
920 992 949 1056 si
970 992 1017 1056 ite
1041 992 1155 1072 sensit,
1179 993 1264 1056 nihil

97 1111 161 1155 esse
198 1092 337 1158 bonum
374 1101 505 1179 praeter
542 1095 736 1174 scientiam,
776 1116 907 1160 omnem
946 1093 1076 1164 consilii
1113 1095 1264 1178 capiendi

95 1212 222 1259 censam
254 1197 553 1282 inventionemque
586 1197 688 1262 officii
717 1197 865 1262 sustulit.
919 1197 974 1262 Sic
1009 1197 1151 1262 exclusis
1186 1220 1260 1262 sen·

94 1296 201 1360 tentiis
229 1299 458 1384 reliquorum,
490 1323 564 1365 cum
592 1307 764 1385 praeterea
794 1299 887 1364 nulle
917 1321 989 1365 esse
1021 1300 1144 1386 possit,
1180 1302 1262 1365 haec

95 1399 307 1483 antiquorum
342 1404 453 1467 valeat
488 1424 623 1468 neccsse
658 1409 722 1468 est.
766 1402 875 1486 Igitur
909 1403 1065 1467 instituto
1099 1410 1260 1482 veterum,

97 1521 153 1582 quo
177 1503 281 1567 etiam
309 1505 417 1568 Stoici
439 1511 589 1584 utuntur,
614 1505 692 1569 hinc
716 1505 883 1591 capiamus
907 1505 1088 1570 exordium.

173 1605 238 1670 IX.
300 1605 370 1692 (24)
410 1608 517 1672 Omne
554 1608 676 1672 animal
704 1629 739 1672 se
770 1607 879 1694 ipsum
911 1607 1023 1692 diligit
1061 1629 1115 1686 ec,
1163 1607 1262 1671 simul

97 1709 198 1770 ortum
222 1715 278 1772 est
284 1757 295 1788 ,
332 1709 367 1773 id
390 1710 477 1794 egit,
502 1718 541 1774 ut
564 1733 598 1774 se
623 1715 806 1789 conservet,
832 1711 920 1795 quod
943 1708 997 1774 hic
1021 1709 1051 1774 ei
1072 1697 1198 1796 primus
1221 1708 1263 1773 ed

97 1827 220 1874 omnem
244 1811 356 1876 vitam
380 1812 540 1878 tuendam
562 1813 732 1897 appetitus
756 1836 775 1876 a
798 1821 917 1877 natura
939 1812 1046 1891 detur,
1072 1833 1106 1876 se
1129 1818 1168 1876 ut
1184 1833 1261 1876 con·

98 1917 208 1992 servet,
235 1921 342 2000 etque
365 1915 413 1979 ita
435 1915 480 1979 sit
503 1916 669 1997 effectum,
696 1922 734 1979 ut
757 1915 880 2000 optime
904 1915 1086 1978 secundum
1109 1921 1262 1979 naturam

97 2013 247 2082 affectum
281 2039 358 2082 esse
390 2019 509 2102 possit.
560 2018 656 2084 Hanc
684 2018 779 2082 initio
809 2017 1054 2083 institutionem
1088 2016 1259 2080 confusam

97 2115 193 2182 hebet
217 2128 253 2185 et
277 2121 453 2201 incertam,
478 2129 517 2186 ut
536 2129 670 2187 tentum
685 2121 782 2186 modo
800 2142 835 2185 se
851 2127 995 2200 tueatur,
1021 2120 1259 2205 qualecumque

98 2216 146 2296 sit,
170 2222 230 2286 sed
253 2245 320 2288 nec
344 2223 423 2309 quid
447 2224 491 2288 sit
513 2246 575 2289 neo
599 2223 678 2308 quid
700 2223 808 2310 possit
830 2245 891 2288 nec
915 2223 995 2307 quid
1017 2221 1119 2308 ipsius
1142 2229 1260 2286 notura

93 2317 139 2384 ,sis
163 2322 351 2412 intellegit.
398 2327 483 2391 Cum
509 2333 620 2392 sutem
646 2326 809 2412 processit
840 2327 977 2410 paulum
1010 2333 1060 2404 et,
1096 2331 1259 2409 quatenus

99 2423 254 2511 quidquid
279 2451 316 2494 se
341 2430 488 2514 attingat
517 2429 559 2494 ed
587 2450 687 2513 seque
714 2429 894 2514 pertinent,
923 2427 1108 2512 perspicere
1136 2426 1257 2512 coepit,

100 2674 123 2710 11
138 2663 270 2723 tollunt
292 2669 376 2723 -et
393 2668 531 2724 Erillus.
549 2669 617 2724 Men
635 2671 761 2724 erwertet
778 2671 805 2723 et
823 2666 923 2723 Erillus
942 2666 994 2722 hoc
1011 2669 1103 2722 totum
1121 2665 1194 2722 tollit
1212 2665 1259 2736 qui

100 2731 144 2782 elic·
160 2732 234 2790 Aber
251 2737 308 2793 mit
327 2739 354 2791 et
371 2737 473 2792 Erillus
492 2769 524 2778 -
542 2737 656 2792 sustulit
674 2736 741 2792 wird
759 2737 803 2791 ein
820 2755 902 2792 neues
920 2735 999 2791 Glied
1017 2735 1065 2790 der
1080 2734 1195 2790 Periode
1212 2753 1258 2788 an-

100 2797 274 2869 gcschlossen,
294 2805 383 2861 wobei
400 2805 561 2862 merkwiird'
583 2824 611 2861 er
619 2805 712 2861 Weiss
728 2825 782 2860 von
800 2805 902 2861 Erillus
920 2807 1002 2861 etwas
1020 2804 1171 2875 beheuptet
1182 2801 1258 2867 wird,

101 2869 380 2946 wesebensovonP
413 2875 463 2929 rho
482 2875 538 2931 und
598 2875 651 2930 'to
690 2874 729 2929 lt.
770 2875 886 2944 Igitur
903 2874 991 2929 insti
1014 2877 1075 2929 nto
1094 2876 1258 2929 veterum.

100 2929 185 3001 Igitur
202 2942 351 2998 verbindet
369 2892 413 2998 did
430 2944 581 3016 propositio
598 2943 651 2998 mit
669 2893 698 2996 dl

100 3004 258 3132 fflnfppg
277 3012 326 3068 des
344 3013 438 3067 Sstzes
457 3031 477 3067 s.
495 3032 531 3068 zu
547 3013 563 3067 1
582 3017 622 3075 18,
641 3016 682 3066 61.
761 3012 952 3081 quostiam
969 3011 1079 3066 Stoici
1096 3013 1257 3065 utunturz

159 3231 214 3302 ΠΙ.
245 3189 467 3320 Abhonillung
489 3235 569 3301 fiber
591 3233 642 3300 dle
665 3234 765 3300 Lehre
789 3233 846 3300 der
867 3232 1107 3317 Peripatetiksr
1128 3249 1201 3297 von

318 3337 475 3404 htchsten
496 3335 561 3404 dut
582 3334 648 3402 und
668 3333 775 3400 Uebel.
821 3334 896 3419 top.
920 3333 1032 3400 9-25.

162 3467 263 3527 Pisob
300 3473 362 3528 innt
389 3472 442 3526 mit
468 3472 515 3526 der
540 3471 717 3541 Derstellung
743 3469 790 3524 des
817 3467 1013 3524 Grundtriebes
1039 3467 1104 3522 aller
1128 3465 1258 3521 lebenden

102 3527 200 3602 Wesen,
219 3541 267 3597 der
306 3539 445 3596 elbstliebe
462 3539 519 3595 und
537 3539 781 3610 Selbsterheltung.
799 3537 965 3594 Allmiihlich
983 3536 1059 3591 mehr
1076 3535 1191 3606 begehrt
1209 3535 1257 3590 des

102 3597 204 3662 lebende
221 3610 323 3667 Wesen
340 3609 389 3665 des
409 3609 495 3665 seiner
511 3608 605 3664 Netur
621 3610 830 3679 Angemessene.
866 3607 901 3661 So
920 3605 1042 3661 entsteM
1067 3604 1117 3659 des
1143 3603 1258 3658 hdchste

103 3666 166 3726 cus:
195 3677 243 3732 der
259 3680 354 3735 Netnr
371 3682 480 3749 gemiss
497 3677 576 3734 leben
592 3677 623 3731 in
640 3676 702 3732 dem
719 3677 868 3748 mogliohst
894 3673 991 3730 besten
1016 3671 1074 3728 und
1100 3673 1148 3727 der
1164 3673 1258 3728 Natur

104 3751 333 3860 anpemssensten
351 3746 506 3811 Zostande,
529 3745 586 3801 und
603 3745 649 3800 fiir
667 3745 720 3800 den
737 3744 885 3802 Menschen
903 3762 977 3798 mnss
996 3741 1036 3796 als
1053 3741 1183 3798 hdohstes
1200 3741 1258 3796 Grut

121 3821 134 3858 e

105 3811 367 3952 {bgenzoenech9qm
384 3816 414 3871 in
428 3815 506 3888 jeder
523 3814 680 3886 Beziehung
697 3813 913 3870 volllrommenen
931 3811 1024 3866 Natus
1042 3811 1088 3866 des
1106 3809 1257 3866 Menschen

158 3897 184 3934 n.
242 3904 285 3941 a.
322 3925 329 3939 .
933 3912 935 3914 -

166 3947 216 4004 24.
252 3905 815 4014 simulorsumesss.zu1111‚ee.
902 3948 1080 4004 confusam
1098 3951 1131 4002 et
1147 3948 1257 4004 incer·

105 4009 168 4068 lam
185 4022 402 4079 ‘unentwickelt'.
507 4025 674 4092 quatenus
694 4019 862 4091 quidquid
881 4035 915 4073 se
932 4017 1105 4088 attinget:
1124 4015 1257 4087 quidquid

105 4079 174 4160 Echi
190 4088 333 4148 schoinbar
350 4091 396 4146 ffir
414 4089 547 4161 quidqu03
566 4107 594 4144 es
611 4090 650 4144 ist
667 4089 711 4143 ein
728 4089 885 4144 verkiirztes
896 4085 1043 4141 Ausdruclr
1060 4085 1106 4140 fur
1141 4088 1256 4138 uetsnus

108 4145 204 4220 ahquid
222 4177 250 4215 se
267 4159 389 4232 attinget
407 4158 540 4230 quidquid
558 4159 604 4214 sit.
640 4157 720 4212 Tusc.
738 4158 779 4211 IV
799 4160 840 4220 19,
858 4160 893 4209 44
910 4155 959 4211 nbi
977 4155 1050 4210 enim
1067 4103 1201 4232 quidquid
1219 4170 1257 4232 es·

108 4219 145 4298 m.
161 4226 232 4292 quod
250 4229 318 4285 disci
354 4231 435 4291 osset,
454 4245 485 4282 eo
502 4225 882 4282 veniendnm'iudieaverunt.
917 4223 944 4277 V
962 4227 1003 4287 34,
1023 4226 1056 4276 98
1074 4224 1108 4276 nt
1143 4218 1191 4274 uid
1209 4220 1257 4274 u1d

107 4281 235 4351 Oblectum
252 4302 300 4354 est.
335 4249 372 4352 io
390 4297 466 4352 steht
484 4295 618 4366 quidquid
636 4295 677 4350 oft
694 4294 724 4349 in
742 4294 789 4350 der
807 4293 910 4350 tlteren
927 4291 985 4366 und
998 4239 1178 4362 juristiscien
1231 4308 1256 4342 a·

688 2961 716 2998 er
732 2943 927 3013 Abhendlung.
944 2943 1033 2998 Ueber
1050 2941 1123 2997 scine
1135 2940 1259 3010 Stellung
1377 2992 1378 2995 ,
