2974 4950
223 286 287 348 270
460 283 511 338 Dll
528 281 680 338 FINIBUS
698 281 883 336 BONORUM
901 283 949 336 nr
967 281 1156 338 MALORUM

223 476 295 520 esse
317 453 495 518 Metellum
519 475 617 536 quam
640 453 817 536 Regulum.
863 452 948 527 Inde
970 452 1089 536 igitur,
1114 451 1232 536 inquit,
1257 451 1401 515 ordien-

223 557 302 621 dum
325 560 386 620 est.
434 555 558 619 Tamen
574 579 592 619 a
607 555 790 640 proposito,
814 554 960 639 inquam,
985 557 1191 632 aberramus3
1212 553 1398 619 nonenim

223 655 355 742 quaero,
380 656 459 740 quid
483 677 608 735 verum,
633 656 693 720 sed
716 655 796 740 quid
819 657 937 740 cuique
963 657 1139 722 dicendum
1155 657 1210 720 sit.
1248 655 1397 720 Utinam

1453 385 1478 416 Α

223 759 355 844 quidem
379 759 527 824 dicerent
555 759 657 823 alium
686 758 752 823 alio
782 758 979 823 beatioreml
1011 759 1077 822 iam
1105 758 1215 823 ruinas
1243 758 1395 822 videres.
1480 829 1481 834 η

221 864 263 928 Iu
295 864 419 928 virtute
451 863 538 927 enim
571 863 641 928 sola
674 870 709 926 et
739 862 774 927 in
805 863 877 948 ipso
909 865 1052 928 honesto
1086 884 1161 927 cum
1189 863 1233 927 eit
1261 863 1396 925 bonum

221 965 379 1051 positum,
405 987 545 1050 cumque
569 987 630 1030 nec
652 966 776 1045 virtus,
810 972 848 1030 ut
870 967 983 1050 placet
1004 966 1088 1045 illis,
1124 987 1185 1030 uec
1208 968 1397 1029 honestum

223 1075 367 1149 crescat,
401 1069 499 1152 idque
523 1067 648 1132 bonum
671 1070 778 1133 solum
808 1069 866 1147 sit,
901 1092 965 1153 quo
993 1068 1050 1152 qui
1076 1069 1224 1153 potiatur
1251 1088 1396 1132 neeesse

223 1180 275 1238 est
290 1173 409 1236 beatus
426 1171 481 1250 sit,
507 1192 582 1234 cum
598 1171 712 1255 augeri
727 1171 762 1235 id
776 1193 844 1235 non
859 1172 976 1256 possit,
1002 1171 1036 1235 in
1061 1194 1126 1256 quo
1150 1194 1215 1236 uno
1240 1170 1394 1255 positum

222 1282 274 1342 est
296 1277 432 1340 beatum
455 1296 538 1353 esse,
563 1275 619 1358 qui
641 1282 755 1359 potest
775 1296 847 1338 esse
864 1275 1037 1359 quisquam
1054 1274 1138 1338 alius
1155 1275 1218 1339 alio
1235 1273 1393 1338 beatior?

221 1379 385 1456 Videsne,
418 1382 456 1443 ut
478 1380 561 1443 haec
585 1377 782 1445 concinant?
826 1377 871 1441 Et
895 1379 1030 1442 hercule
1061 1417 1103 1426 —
1135 1376 1309 1442 fatendum
1332 1386 1391 1440 est

223 1481 311 1546 enim
333 1481 421 1565 quod
445 1481 552 1546 sentio
584 1520 626 1530 —
657 1480 818 1545 mirabilis
847 1488 899 1545 est
922 1481 1010 1565 apud
1032 1481 1110 1546 illos
1134 1487 1309 1547 contextus
1332 1501 1389 1544 re-

222 1607 307 1648 rum.
354 1583 570 1668 Respondent
593 1590 741 1646 extrema
772 1583 903 1667 primis,
937 1582 1045 1648 media
1076 1584 1242 1668 utrisque,
1276 1583 1390 1647 omnia

223 1686 392 1762 omnibus3
432 1685 508 1769 quid
547 1693 720 1768 sequatur,
760 1685 839 1768 quid
875 1693 1055 1770 repugnet,
1094 1686 1218 1751 vident.
1272 1687 1318 1748 Ut
1350 1685 1392 1749 in

223 1789 416 1874 geometria,
440 1789 545 1874 prima
561 1789 590 1851 si
606 1788 746 1867 dederis,
765 1789 880 1870 ¹denda
896 1795 976 1852 sunt
991 1791 1115 1854 omnia:
1142 1790 1284 1855 concede
1300 1789 1392 1853 nihil

223 1890 457 1969 essebonum,
490 1890 554 1953 nisi
586 1890 674 1973 quod
706 1893 884 1954 honestum
913 1891 973 1970 sit,
1007 1891 1255 1956 concedendum
1277 1896 1328 1954 est
1352 1891 1393 1954 in
1481 1961 1482 1986 ἦ

222 1993 345 2058 virtute
369 2015 431 2056 csse
455 1993 598 2078 positam
620 1991 725 2056 vitam
748 1995 891 2058 beatam.
925 1994 1011 2057 Vide
1036 2016 1149 2058 rursus
1165 2001 1265 2058 retro.
1296 1993 1391 2057 Dato

222 2100 302 2175 hoc,
337 2095 481 2160 dandum
514 2103 565 2158 est
595 2095 711 2160 illud:'
731 2098 819 2180 quod
850 2096 954 2161 vestri
976 2119 1042 2161 non
1064 2093 1157 2161 item.
1205 2095 1272 2181 (84)
1298 2095 1390 2160 ‘Tria

221 2219 343 2283 genera
366 2199 553 2263 bonorum’:
579 2197 717 2282 proclivi
741 2199 843 2263 currit
867 2200 987 2264 oratio:
1013 2200 1107 2264 venit
1127 2200 1169 2263 ad
1186 2205 1385 2277 extremum,

222 2303 338 2366 haeret
359 2302 393 2365 iu
417 2287 566 2378 salebra;
602 2302 693 2385 cupit
717 2302 804 2366 enirn
829 2303 937 2367 dicere
961 2302 1045 2366 nihil
1067 2324 1164 2389 posse
1188 2303 1230 2367 ad
1252 2303 1388 2366 beatam

221 2405 325 2470 uitam
349 2404 463 2469 deesse
487 2404 639 2488 sapienti.
685 2405 836 2471 Honesta
860 2405 980 2484 oratic,
1015 2405 1201 2484 Socratica,
1234 2405 1388 2468 Platonis

223 2507 334 2572 etiam.
382 2507 499 2570 Audeo
529 2506 653 2586 dicere,
688 2507 806 2592 inquit.
853 2508 931 2572 Non
963 2513 1075 2592 potes,
1108 2507 1173 2571 nisi
1203 2508 1388 2571 retexueris

140 2691 141 2696 ἵ
222 2609 296 2672 illa:
329 2614 506 2693 paupertas
530 2609 557 2672 si
580 2610 704 2673 malum
728 2618 795 2688 est,
830 2610 1000 2674 mendicus
1034 2632 1105 2676 esse
1137 2611 1255 2676 beatus
1287 2631 1388 2673 nemo

222 2714 354 2795 potest,
389 2711 537 2793 quamvis
570 2710 615 2774 sit
647 2711 789 2794 sapiens.
845 2714 893 2775 At
924 2713 1014 2776 Zeno
1046 2735 1120 2777 eum
1152 2735 1218 2778 non
1249 2713 1389 2776 beatum

222 2812 337 2889 modo,
371 2811 429 2874 sed
459 2811 559 2876 etiam
587 2813 725 2877 divitem
754 2813 863 2878 dicere
887 2820 1071 2879 aususest.
1116 2814 1238 2879 Dolere
1261 2815 1389 2878 malum

224 2920 292 2977 est:
326 2913 360 2976 in
388 2935 520 2977 crucem
542 2914 598 2998 qui
622 2915 733 2998 agitur
755 2915 875 2979 beatus
899 2938 970 2980 esse
994 2939 1059 2981 non
1083 2921 1206 3002 potest.
1253 2919 1388 2979 Bonum

293 3100 343 3156 88.
375 3099 501 3182 ,Nihilo
519 3101 704 3184 beatiorem
723 3121 796 3158 esse
814 3105 897 3185 ndml·
916 3105 1038 3174 inquam.
1091 3105 1295 3188 ordiendum
1314 3109 1384 3158 est:

221 3170 1386 3366 uuemahlhllldl‘ssllllff&lapid'ffla³i1⁰{5’0.zt}i⁸l{nl⁰l¹{ff

1073 3329 1101 3364 er
1144 3329 1175 3366 oa
1195 3330 1238 3365 em
1268 3329 1313 3374 er,
1371 3329 1386 3366 e
1482 3325 1483 3330 ’

222 3189 271 3224 vor
288 3170 372 3224 Madv

224 3308 297 3362 dem
315 3307 476 3362 dicerent
502 3312 551 3363 etc.
588 3309 643 3364 Cic.
662 3310 735 3390 zeigt
753 3310 811 3365 sich
829 3310 869 3364 als
886 3311 986 3365 Anhdn
1008 3329 1036 3364 er

222 3395 289 3499 ἕθιιι
308 3376 351 3430 die
373 3377 522 3430 Ansichten
548 3378 660 3432 anderer
686 3379 877 3449 waderlegteu,
904 3399 951 3433 um
999 3379 1060 3434 absi
1085 3379 1164 3434 ihren
1190 3379 1386 3435 dialectischen

244 3445 383 3500 oharfsinu
401 3463 437 3499 ιιι
453 3446 555 3515 zeigen.
625 3447 745 3501 ruinas
763 3466 784 3501 s.
802 3467 836 3502 ιιι
854 3449 869 3502 I
887 3451 912 3512 6,
931 3452 971 3500 18.
1058 3465 1129 3518 quo
1148 3449 1206 3518 qui
1223 3450 1386 3520 potiatur

223 3532 244 3567 s.
262 3533 297 3568 ιιι
313 3514 329 3567 Ι
347 3517 371 3576 7,
390 3517 423 3566 26
459 3533 509 3568 uas
527 3514 575 3584 qui
592 3517 694 3569 tenent.

292 3581 342 3635 84.
361 3532 509 3652 proclivi
527 3583 642 3637 currit
660 3584 774 3638 oratio
794 3590 864 3638 ‘eure
875 3584 950 3638 Reda
962 3583 1010 3638 eilt
1022 3585 1189 3710 absohiissi5>
1202 3585 1228 3641 d.
1241 3586 1268 3640 h.
1281 3587 1385 3641 schnell

225 3650 332 3714 walter,
351 3651 400 3705 wie
418 3651 497 3705 Tusc.
515 3652 556 3706 IV
566 3655 607 3715 18,
622 3656 655 3705 42
675 3653 764 3720 (vitia)
783 3653 899 3708 incitata
916 3653 998 3708 semel
1033 3653 1127 3709 reclivi
1144 3655 1171 3709 la
1190 3658 1284 3710 untur.
1302 3655 1384 3710 Nach

223 3718 337 3789 Madvig
354 3719 392 3773 ist
427 3720 522 3774 roolivi
539 3720 582 3774 die
600 3721 683 3774 tltere
700 3722 784 3776 Eorm
802 3722 848 3776 des
866 3721 935 3778 Adv.
971 3673 1070 3778 roolive
1088 3722 1147 3790 (wie
1165 3723 1226 3778 heri
1243 3724 1301 3778 und
1319 3724 1384 3779 here

245 3791 323 3857 esagt
341 3738 426 3854 wirdl:
446 3807 500 3869 par
517 3805 572 3842 von
589 3787 749 3843 Lachmann
767 3809 802 3844 zu
819 3791 921 3845 Lucrez
960 3795 1012 3845 .98
1030 3791 1164 3862 bestdtigt
1182 3792 1258 3847 wird.
1277 3793 1318 3847 Zu
1336 3793 1385 3847 der

257 3855 369 3926 etapher
386 3860 472 3912 currit
490 3857 585 3921 oratio,
605 3857 648 3911 bei
667 3857 715 3913 der
733 3859 782 3914 wir
800 3878 835 3913 an
853 3859 913 3914 eine
932 3859 1089 3915 ‘fliesseude'
1105 3860 1179 3916 Rode
1197 3860 1311 3926 denhem
1329 3862 1383 3933 vgl

223 3923 302 3978 Brut.
321 3928 362 3987 68,
381 3928 430 3977 221
458 3925 582 3995 expedita
609 3930 701 3980 autem
719 3930 778 3981 erat
795 3931 823 3982 et
839 3929 965 3998 perfacile
982 3947 1092 3984 currens
1109 3930 1206 3984 oratio.
1242 3930 1312 3984 Hor.
1331 3934 1384 3985 sat.

222 3994 237 4047 I
258 3996 297 4058 10,
317 3997 332 4044 9
351 3997 392 4047 est
410 3993 544 4048 brevitate
562 4014 639 4066 opus,
658 3998 690 4048 ut
708 4000 800 4050 currat
818 3997 962 4052 sententie.
996 3998 1126 4066 N'agelsb.
1146 4003 1203 4062 129,
1222 4003 1246 4052 4.
1327 4019 1382 4053 ve·

223 4061 278 4116 nit
295 4061 335 4115 ad
353 4065 540 4117 extremum
558 4063 640 4118 naml.
659 4064 706 4118 der
723 4066 930 4146 Peripatetilrer.
1019 4067 1137 4122 haeret
1153 4068 1187 4121 iu
1205 4068 1342 4122 salebra
1360 4087 1382 4122 s.

223 4131 253 4185 Π
272 4134 311 4194 10,
331 4134 371 4184 30.
493 4131 562 4186 nisi
579 4135 772 4188 retexueris
790 4133 865 4188 rlla=
909 4134 941 4190 de
959 4138 1029 4190 orat.
1046 4137 1076 4190 11
1094 4140 1136 4200 38,
1156 4141 1204 4189 158
1223 4136 1382 4204 (dialectici)

223 4199 311 4253 multa
329 4199 481 4269 quaerendo
499 4201 636 4272 reperiunt
653 4221 709 4257 non
726 4203 807 4258 modo
826 4221 873 4267 ea,
900 4222 969 4274 quae
987 4204 1042 4258 iam
1060 4223 1115 4260 nou
1132 4205 1239 4276 possint
1256 4205 1310 4277 ipsi
1328 4205 1381 4258 dis-

223 4267 331 4332 solvere,
350 4269 397 4322 sed
415 4270 498 4325 etiam
516 4270 615 4340 quibus
633 4273 697 4326 ante
715 4289 807 4326 exorsa
826 4276 854 4326 et
870 4272 963 4342 potius
982 4273 1090 4328 detexta
1107 4293 1190 4345 prope
1216 4277 1383 4329 retexuntur.
