2942 4950
338 285 401 346 Ius.
418 287 467 342 IV.
504 287 569 342 One.
587 286 754 342 XX-XXI.
791 291 820 354 ἐξ
839 293 949 344 56-59.
1168 295 1230 358 203

69 457 172 536 aliud,
196 480 263 522 non
286 459 393 523 solum
417 459 525 523 dicere
548 459 727 524 videretur.
758 459 867 528 Quid?
891 461 932 526 de
947 462 1019 546 ipsa
1033 464 1134 528 beata
1148 463 1228 543 vita,

69 559 112 622 ad
138 582 233 643 quam
256 561 366 625 omnia
388 561 586 640 referuntur,
612 583 695 645 quae
720 561 868 654 dicitisls
884 564 1026 648 Negatis
1050 559 1121 630 eam
1146 589 1229 647 esse,

69 683 155 744 quae
178 663 312 746 expleta
334 664 378 728 sit
400 663 440 726 iis
463 663 562 727 rebus
586 663 739 727 omnibus
751 713 761 744 ,
794 687 875 748 quas
904 673 1022 730 natura
1053 667 1228 748 desideret,

69 771 242 849 totamque
266 788 339 830 eam
360 766 395 830 in
418 788 483 830 una
504 765 629 829 virtute
652 766 788 851 ponitis,
815 789 953 851 cumque
977 769 1082 834 omnis
1099 776 1230 836 contro·

69 867 177 931 versia
200 875 258 933 aut
281 869 321 932 de
344 891 379 933 re
403 870 511 932 soleat
534 874 591 932 aut
614 869 654 932 de
678 869 810 935 nomine
834 891 925 948 esse,
955 878 1094 956 utraque
1119 895 1230 939 earum

71 969 234 1050 nascitur,
259 971 287 1034 si
310 978 368 1035 aut
391 992 443 1036 res
466 971 639 1055 ignoratur
662 978 720 1036 aut
744 980 871 1037 erratur
893 973 927 1037 in
950 975 1092 1039 nomine.
1139 976 1230 1040 Quo·

72 1094 140 1136 rum
166 1073 194 1135 si
216 1080 371 1138 neutrum
395 1077 457 1154 est,
483 1096 581 1159 opera
603 1075 712 1139 danda
736 1082 788 1139 est
803 1081 841 1139 ut
856 1077 965 1142 verbis
980 1085 1112 1142 utamur
1133 1102 1231 1162 quam

76 1174 295 1239 usitatissimis
329 1184 363 1240 et
386 1198 484 1260 quam
507 1176 648 1241 maxime
672 1177 777 1261 aptis,
810 1178 845 1242 ld
869 1184 920 1243 est
942 1202 1012 1244 rem
1034 1181 1231 1245 declaranti-

74 1276 141 1340 bus.
191 1275 258 1362 (58)
281 1279 371 1342 Num
393 1279 498 1362 igitur
521 1278 657 1343 dubium
682 1286 733 1343 est
757 1281 855 1364 quin,
890 1282 918 1345 si
940 1281 975 1346 in
997 1304 1031 1347 re
1054 1283 1126 1368 ipsa
1148 1283 1231 1347 nihil

71 1386 228 1461 peccatur
250 1404 268 1444 a
292 1381 527 1466 superioribus
552 1381 663 1446 verbis
686 1381 737 1446 illi
761 1382 965 1446 commodius
988 1390 1149 1449 utantur?
1172 1384 1231 1452 Vi-

71 1480 205 1544 deamus
228 1481 332 1565 igitur
353 1482 538 1546 sententias
571 1502 699 1561 eorum,
733 1490 805 1546 tum
839 1483 881 1548 ad
912 1486 1014 1549 verba
1045 1487 1229 1551 redeamus.
1291 1475 1292 1482 ἵ

72 1585 168 1648 XXI.
191 1585 320 1649 Dicunt
336 1586 575 1670 appetitionem
597 1587 698 1651 animi
721 1589 857 1668 moveri,
883 1611 958 1652 cum
981 1589 1105 1673 aliquid
1128 1590 1158 1654 ei
1181 1613 1231 1654 se·

74 1687 216 1750 cundum
238 1694 392 1752 naturam
415 1709 486 1752 esse
510 1687 679 1768 videatur,
714 1689 907 1774 omniaque,
943 1713 1025 1775 quae
1049 1692 1229 1772 secundum

75 1795 221 1854 naturam
238 1790 315 1869 sint,
340 1791 572 1855 aestimatione
588 1791 698 1876 aliqua
715 1792 826 1877 digna,
852 1815 954 1876 eaque
970 1817 1029 1878 pro
1053 1817 1103 1873 eo,
1129 1818 1231 1879 quan-

76 1897 141 1954 tum
165 1893 198 1956 in
223 1915 352 1976 quoque
376 1893 420 1956 sit
443 1892 616 1978 ponderis,
651 1915 728 1960 esse¹
750 1893 973 1974 aestimanda,
1008 1919 1156 1980 quaeque
1181 1919 1231 1962 se·

73 1995 216 2059 cundum
237 2002 389 2060 naturam
413 1995 500 2075 sint,
532 1997 652 2080 partim
675 1997 759 2060 nihil
783 1997 904 2060 habere
927 1998 962 2062 in
984 2020 1056 2062 sese
1081 1999 1150 2062 eius
1174 2022 1231 2083 ap·

71 2097 252 2178 petitionis,
278 2099 318 2162 de
342 2121 406 2182 qua
429 2120 525 2183 saepe
549 2098 614 2162 iam
638 2097 790 2178 diximus,
817 2121 899 2183 quae
923 2121 983 2164 nec
1006 2101 1147 2164 honesta
1170 2123 1231 2166 nec
1337 2143 1339 2154 ·

70 2198 252 2264 laudabilia
284 2199 457 2279 dicantur,
490 2201 631 2284 partim,
666 2222 748 2284 quae
780 2201 988 2283 voluptatem
1019 2202 1167 2266 habeant
1197 2203 1232 2266 in

72 2303 158 2366 omni
182 2303 364 2382 animante,
390 2303 505 2367 sedin
529 2303 662 2368 homine
685 2302 849 2366 rationem
872 2304 988 2380 etiam3
1023 2325 1122 2368 exea
1148 2328 1231 2389 quae

70 2403 132 2470 sint
159 2412 251 2490 apta,
276 2426 315 2468 ea
337 2407 489 2484 honesta,
516 2427 553 2469 ea
576 2405 726 2488 pulchra,
752 2425 790 2468 ea
812 2405 1013 2484 laudabilia,
1037 2405 1096 2470 illa
1119 2415 1231 2470 autem

71 2509 238 2595 superiora
260 2509 424 2573 naturalia
447 2509 679 2588 nominantur,
713 2531 795 2592 quae
820 2507 997 2572 coniuncta
1021 2531 1096 2574 cum
1127 2512 1229 2575 hone·
1256 2574 1259 2580 .

71 2612 126 2675 stis
163 2611 268 2676 vitam
298 2613 431 2676 beatam
463 2611 640 2694 perficiunt
672 2617 707 2675 et
739 2612 929 2676 absolvunt.
977 2609 1043 2696 (59)
1074 2612 1232 2677 Omnium

72 2722 183 2779 autem
208 2736 319 2778 eorum
343 2713 610 2794 commodorum,
645 2713 763 2796 quibus
796 2736 862 2777 non
894 2712 944 2776 illi
967 2715 1042 2798 plus
1066 2714 1229 2793 tribuunt,

72 3020 178 3074 omnis
196 3019 435 3074 controversia
465 3021 520 3075 ‘der
538 3021 624 3074 Streit
641 3020 813 3091 iiberhaupt'.
849 3020 957 3075 Ebenso
976 3020 1050 3075 steht
1076 3021 1231 3076 universus:

73 3087 153 3141 Tunc.
170 3087 214 3142 III
232 3093 256 3152 3,
275 3092 291 3141 6
309 3089 342 3142 de
359 3088 485 3143 universa
502 3087 674 3160 philosophia
694 3119 723 3128 -
744 3089 849 3144 dictum
867 3089 956 3143 estin
973 3089 1130 3143 Hortensio.
1179 3108 1231 3143 ea·

75 3171 146 3209 rum
165 3157 235 3211 steht
253 3157 282 3210 in
300 3157 458 3228 Beziehung
476 3158 528 3211 anf
541 3155 590 3211 das
608 3156 827 3228 vorhergehendc
850 3158 938 3212 omnis
965 3158 1164 3221 controversia,
1192 3158 1232 3213 als

75 3242 151 3279 wenn
170 3224 224 3280 dies
242 3225 330 3280 hissse
348 3243 441 3280 omnes
459 3226 670 3292 controversiae,
689 3244 716 3280 es
728 3227 767 3280 ist
784 3226 841 3280 also
859 3227 918 3280 eine
936 3227 1102 3280 constructio
1121 3226 1156 3281 sd
1175 3244 1233 3280 san-

73 3311 140 3360 sum,
161 3295 208 3350 wie
227 3295 259 3348 de
276 3298 334 3348 nat.
352 3295 424 3349 deor.
442 3295 488 3349 111
507 3299 547 3358 12,
566 3298 599 3347 29
618 3313 732 3365 cumque
750 3313 829 3349 omne
856 3294 959 3350 animal
984 3292 1128 3365 patibilem
1153 3297 1233 3350 natu·

74 3379 129 3418 ram
149 3363 258 3426 habeat,
276 3363 381 3437 nullum
400 3366 441 3417 est
459 3381 554 3420 eorum
572 3362 652 3434 quod.

139 3449 192 3504 58.
228 3449 360 3504 Dicunt
377 3449 459 3504 naml.
482 3449 526 3505 die
546 3449 674 3504 sriiheren
691 3409 1127 3518 vorzenonischen‘Philosophen
1181 3466 1233 3502 ae·

74 3519 279 3574 stimstions
314 3518 363 3572 ali
391 3537 444 3573 ua:
482 3518 560 3583 ἀξία.
608 3517 703 3574 Dieses
732 3517 909 3572 Ausdruckes
941 3517 1071 3572 bedienen
1100 3516 1159 3571 sich
1188 3517 1232 3570 die

75 3585 191 3653 Stoiker,
210 3587 280 3642 doch
297 3587 348 3641 hat
366 3588 376 3640 i
396 3606 415 3640 n
433 3587 488 3642 Oic.
507 3587 577 3642 nach
601 3587 662 3641 dem
680 3587 826 3658 Vorgange
844 3586 930 3641 seinos
948 3585 1064 3639 Lehrers
1081 3583 1234 3639 Antiochus

75 3657 122 3710 auf
137 3656 184 3712 die
201 3657 303 3711 altercn
321 3656 505 3739 Philosophen
522 3656 617 3711 liberti·
654 3674 695 3710 en.
762 3723 768 3736 Ι
800 3655 928 3725 partim
946 3653 1179 3735 ”stillam
1196 3653 1233 3707 in

75 3739 145 3803 ⁸⁹⁵⁰
165 3722 1234 3864 ⁰1¹¹⁸ttlhl‘lltullhllllllalaffl'lshltldffat

75 3795 591 3985 {libhwuhrshldslldgehrd‘ngsigrmdgen
610 3863 694 3938 (ὁρμή
714 3862 801 3942 1113,
820 3865 863 3929 23)
891 3878 1058 3943 anzursgen3
1084 3861 1187 3943 jetzts
1222 3864 1234 3915 t

76 3945 101 3981 er
116 3933 179 3986 sich
195 3931 408 4054 widersprechen
428 3974 435 3996 ,
454 3931 498 4015 die
515 3936 740 4002 naturgemassen
751 3931 843 4000 Dmge
855 3930 1006 4054 enthhebhib
1012 3929 1148 4053 ppcahtppp
1162 3948 1234 4052 lapsu,

75 4015 137 4124 llil>
145 4000 675 4125 ilisa{iheahbbgrsdhffibgllnodtbrbihd
692 4017 826 4122 vonqppoe
837 4017 1068 4138 ihednpassender
1078 4068 1170 4122 Weiss
1188 4083 1234 4120 an·

77 4139 180 4209 gsffige
197 4139 391 4262 hesdarssim
409 4156 494 4208 quae
510 4139 725 4260 voluptatem
741 4136 902 4192 habeant.
940 4138 1008 4192 Dsm
1025 4139 1115 4191 ersten
1132 4133 1234 4206 partim

76 4211 196 4284 eptsprec
286 4211 410 4262 miissten
428 4207 471 4261 die
488 4207 583 4261 Worte
610 4209 705 4260 auten:
724 4205 826 4276 partim
844 4205 942 4262 habere
958 4206 1135 4275 voluptatem.
1183 4221 1234 4257 rs·

78 4274 205 4332 tionem
224 4277 407 4347 ‘vernhnftige
424 4276 521 4331 Wahl'.
