2942 4950
221 357 285 422 178
464 355 514 411 DE
532 355 684 412 FINIBUS
702 355 886 412 BONORUM
904 355 952 412 Er
969 356 1159 412 MALORUM

221 548 350 605 causae,
377 546 434 590 cur
459 526 603 611 quidque
627 527 695 604 liat,
720 533 755 591 et
778 526 1101 608 demonstrationes,
1129 550 1227 613 quom
1250 527 1291 593 ad
1312 551 1391 592 mo·

220 630 300 694 dum
323 629 467 713 quidque
492 629 568 692 fiat!
594 651 658 713 qua
683 627 835 692 exomni
860 629 954 713 copia
976 630 1120 714 plurima
1144 637 1179 696 et
1202 629 1389 694 certissima

219 738 416 817 argumenta
439 739 615 797 sumuntur
637 731 679 796 ad
703 732 863 816 cuiusque
885 732 933 796 rei
954 739 1107 798 naturam
1139 733 1383 819 explicandam.

219 837 309 920 Ergo
333 835 454 908 adhuc,
480 839 639 919 quantum
664 834 816 918 equidem
838 835 1016 920 intellego,
1042 857 1140 900 causa
1161 858 1229 901 non
1252 835 1393 900 videtur

218 939 320 1003 fuisse
343 938 497 1003 mutandi
520 936 679 1002 nominis:
705 939 891 1017 nonenim,
917 938 946 1002 si
961 939 1070 1004 omnia
1086 962 1153 1003 nou
1168 939 1385 1024 sequebatur,

217 1042 339 1106 idcirco
363 1063 430 1105 non
454 1047 525 1104 erat
549 1046 641 1104 ortus
664 1040 769 1105 illino.
817 1041 982 1125 Equidem
1008 1042 1109 1106 etiam
1130 1042 1322 1126 Epicurum,
1345 1043 1384 1106 in

217 1145 364 1230 physicis
380 1143 524 1228 quidem,
549 1143 796 1207 Democriteum
821 1150 916 1229 puto.
941 1145 1055 1208 Pauca
1071 1149 1190 1224 mutat,
1215 1146 1271 1209 vel
1285 1145 1384 1228 plura

217 1271 310 1312 sane:
351 1253 386 1312 at
409 1268 484 1311 oum
508 1246 549 1311 de
571 1246 720 1332 plurimis
745 1248 860 1311 eadem
883 1247 978 1327 dicit,
1004 1252 1077 1311 tum
1100 1254 1191 1312 certe
1213 1248 1255 1312 de
1279 1247 1386 1312 maxi-

216 1351 289 1414 mis.
337 1349 436 1413 Quod
450 1349 539 1414 idem
564 1371 637 1413 cum
660 1349 764 1414 vestri
786 1349 922 1429 faciant,
947 1371 1014 1414 non
1040 1345 1120 1415 satis
1144 1372 1300 1434 magnam
1322 1349 1385 1413 tri·

215 1454 324 1517 bunut
346 1452 574 1517 inventoribus
597 1453 752 1536 gratiam.
1270 1447 1272 1450 ⁴

301 1555 363 1619 VI.
412 1552 473 1639 (14)
498 1555 562 1618 Sed
586 1557 668 1618 haee
692 1557 865 1619 hacteuus.
912 1555 1011 1619 Nunc
1035 1555 1216 1636 videamus,
1243 1577 1378 1640 quaeso,

216 1657 255 1722 de
280 1657 531 1734 summobono,
556 1656 644 1741 quod
668 1656 818 1721 continet
841 1658 1106 1743 philosophiam,
1141 1659 1220 1742 quid
1242 1659 1379 1722 tandem

215 1761 377 1839 attulerit,
403 1761 658 1844 quamobrem
682 1762 723 1824 ab
747 1760 975 1825 inventoribus
1000 1769 1170 1845 tamquam
1195 1762 1380 1846 aparenti-

214 1863 277 1927 bus
301 1863 503 1929 dissentiret.
534 1863 606 1927 Hoc
630 1863 735 1948 igitur
757 1865 843 1942 loco,
869 1887 1067 1949 quamquam
1095 1888 1114 1928 a
1136 1872 1183 1944 te,
1208 1865 1304 1944 Cato,
1328 1865 1379 1927 di-

213 1967 358 2051 ligenter
382 1972 433 2030 est
456 1966 678 2051 explicatum,
713 1967 788 2031 finis
812 1966 866 2030 hio
889 1968 1051 2032 bonorum
1076 1967 1188 2051 etqui
1211 1990 1230 2032 a
1254 1965 1373 2030 Stoicis

214 2078 248 2134 et
272 2091 368 2155 quem
393 2069 434 2134 ad
457 2070 592 2134 modum
615 2069 798 2150 diceretur,
823 2077 937 2134 tamen
961 2093 1023 2155 ego
1047 2092 1177 2155 quoque
1201 2091 1370 2155 exponam,

212 2273 248 2328 So
266 2273 342 2329 steht
359 2293 442 2344 quam
460 2273 545 2329 chors
563 2291 612 2328 vor
630 2273 677 2329 der
694 2273 871 2355 Prtiposition
889 2276 959 2328 statt
976 2273 1155 2330 unmittclbar
1172 2289 1220 2326 vor
1239 2271 1300 2326 dem
1315 2272 1374 2328 Ad-

208 2343 355 2412 jectivum:
392 2343 417 2395 V
435 2348 459 2408 9,
478 2348 512 2397 26
538 2361 566 2398 se
592 2346 625 2397 ut
651 2342 790 2398 custodiat
808 2360 890 2413 quam
908 2343 937 2397 in
955 2343 1059 2413 optimo
1086 2343 1130 2397 sui
1154 2341 1260 2413 generis
1288 2343 1375 2397 statu.

211 2411 297 2466 Aoad.
317 2412 409 2473 1126,
428 2415 461 2464 83
487 2412 585 2474 videte,
604 2430 716 2482 quaeso,
735 2431 818 2482 quam
835 2412 865 2466 in
882 2429 965 2482 parvo
984 2411 1018 2466 lis
1037 2411 1081 2466 sit.
1118 2411 1151 2465 de
1168 2409 1213 2464 off.
1231 2409 1262 2464 H
1281 2413 1322 2474 19,
1341 2415 1375 2464 67

212 2499 294 2550 quam
312 2479 341 2533 in
378 2480 453 2534 aucis
471 2499 484 2533 s
504 2499 531 2534 es
550 2516 579 2524 -
601 2499 683 2551 quam
701 2481 732 2534 in
749 2480 844 2535 multis
863 2480 900 2534 sit
927 2481 1049 2536 audacia.
1085 2479 1214 2534 Dassclbc
1240 2477 1294 2548 gilt
1319 2498 1376 2533 von

211 2554 282 2603 tam:
318 2548 348 2602 in
392 2566 442 2602 err.
460 2500 502 2603 Ii
519 2553 561 2611 44,
580 2553 614 2602 96
632 2567 803 2619 nequaquam
822 2567 855 2604 ex
872 2552 931 2603 tam
949 2550 1040 2620 ampla
1058 2565 1144 2620 neque
1161 2552 1220 2604 tam
1238 2565 1270 2602 ox
1287 2547 1376 2604 nobili

211 2617 331 2672 civitate.
350 2617 376 2669 V
393 2620 435 2680 48,
456 2621 504 2671 127
523 2636 585 2671 cum
604 2652 634 2660 —
655 2617 805 2681 Graeciam,
823 2616 944 2671 Siciliam
963 2621 1022 2672 tam
1039 2617 1069 2672 in
1086 2617 1180 2688 paucis
1199 2615 1270 2671 villis
1288 2616 1375 2672 iuclu-

211 2704 255 2740 sas
273 2703 330 2739 esse
346 2684 482 2740 videatis?
562 2686 713 2740 nominis
731 2686 813 2740 nttml.
832 2685 880 2740 der
897 2685 1103 2756 Peripatetikar.
1184 2703 1251 2741 non
1269 2685 1375 2750 enim,

210 2755 243 2808 si
261 2753 375 2808 omnia
393 2757 443 2808 etc.
463 2754 543 2808 ‘deun
560 2772 638 2809 wenn
655 2754 714 2809 sich
732 2756 804 2809 Zeno
822 2754 900 2809 nicht
917 2754 947 2810 in
958 2754 1028 2810 allon
1041 2755 1162 2810 Striclren
1173 2754 1322 2820 anschloss,
1342 2775 1373 2810 so

209 2823 280 2904 folgt
298 2822 397 2877 daraus
415 2821 486 2876 noch
503 2841 553 2904 gar
570 2822 656 2888 nicht,
675 2823 739 2877 dass
751 2841 779 2879 cr
796 2823 874 2878 nicht
892 2842 941 2878 aus
956 2823 1033 2905 jener
1043 2823 1142 2878 Schule
1153 2821 1300 2878 stammte'.
1319 2824 1375 2879 Die

208 2892 357 2962 Fixrerung
375 2889 421 2944 des
440 2891 641 2946 condrtionalen
658 2891 851 2948 Vordersatzes
875 2893 1016 2962 gesohreht
1042 2893 1130 2948 durch
1154 2891 1273 2956 idcirco,
1300 2892 1374 2958 idco,

209 2959 273 3015 aber
290 2978 344 3014 nur
361 2978 401 3022 so,
419 2958 483 3014 dass
501 2960 545 3015 dio
562 2961 701 3030 Negation
719 2962 894 3032 vorausgeht.
929 2961 1082 3017 Passendor
1098 2962 1136 3016 ist
1159 2960 1232 3016 disse
1250 2962 1305 3016 Art
1321 2959 1373 3016 der

206 3028 356 3100 Fixieruug
373 3029 419 3083 fur
438 3028 614 3086 Oausalsttze
631 3032 698 3096 (nou
716 3030 781 3100 quia
800 3061 830 3070 -
849 3030 971 3098 idcirco).
989 3031 1112 3088 Wichcrt
1128 3030 1176 3085 lat.
1186 3029 1258 3084 Still.
1270 3029 1298 3084 S.
1309 3034 1372 3086 319.

206 3098 321 3152 Pauca
338 3101 464 3162 mutat,
482 3098 535 3153 vol
551 3099 650 3170 plura
668 3118 750 3154 sane
767 3104 804 3153 ‘cr
822 3099 919 3154 tndert
936 3117 1007 3154 awar
1025 3100 1136 3171 einiges,
1154 3098 1219 3154 oder
1236 3098 1372 3154 vielmchr

207 3170 297 3234 (wenn
310 3166 424 3248 jemand
441 3166 524 3222 liebor
541 3167 606 3234 will)
633 3167 663 3221 in
690 3168 737 3222 der
755 3168 828 3223 That
854 3168 931 3224 mehr
949 3169 988 3223 als
1007 3168 1126 3240 einiges'.
1161 3167 1373 3224 Gewdhulioher

205 3236 247 3291 vel
264 3239 357 3307 potrus
375 3236 432 3304 (ΙΙΙ
450 3241 474 3300 1,
493 3241 508 3288 3
527 3255 609 3360 quam
629 3236 666 3291 sit
677 3236 784 3318 ,subtile
802 3237 844 3318 qel
862 3237 1003 3309 spinosum
1026 3238 1120 3308 potius
1147 3235 1298 3291 disserendi
1323 3255 1372 3307 ge·

203 3304 463 3455 hul'rffilhpligll
479 3305 1372 3446 11101111111161111111,11816111111ἓὲ1ῐῖ1111

203 3443 263 3515 ipsa
282 3445 384 3497 vrrtute
402 3443 494 3497 situm.
514 3448 555 3508 24,
574 3447 607 3496 58
626 3463 681 3498 non
698 3443 822 3498 sentiunt
839 3443 891 3498 viri
918 3443 1003 3498 fortes
1029 3444 1059 3498 in
1086 3445 1143 3498 acie
1167 3443 1297 3508 vulnera,
1326 3445 1372 3499 vel

204 3513 336 3594 sentiunt,
356 3511 402 3566 sed
419 3512 491 3566 mori
507 3513 614 3567 malunt
632 3531 714 3582 quam
732 3515 843 3567 tantum
860 3512 942 3567 modo
961 3511 993 3566 16
1011 3511 1157 3582 dignitatis
1174 3511 1264 3582 gradu
1276 3512 1370 3568 demo-

203 3600 274 3637 veri.
552 3617 553 3620 =

271 3667 323 3722 Die
340 3668 428 3722 Lehre
447 3667 532 3721 Zanes
549 3684 613 3721 vom
630 3667 763 3722 htchsten
781 3666 839 3721 Gut
858 3667 965 3721 stimmt
982 3666 1022 3721 im
1039 3665 1228 3722 wesentlicheu
1246 3666 1299 3720 mit
1316 3666 1372 3722 der

202 3735 250 3790 der
266 3735 445 3792 Academiker
467 3735 524 3790 und
542 3735 760 3806 peripatetica
786 3733 953 3791 namentlich
970 3735 1112 3800 Polemos,
1138 3734 1264 3800 tibenin,
1293 3735 1368 3790 deun

202 3803 287 3858 sehon
305 3822 354 3859 vor
363 3806 434 3860 Zeno
452 3805 549 3860 hatten
567 3803 639 3858 disse
657 3804 813 3876 behauptet,
832 3803 886 3859 das⁴
899 3804 1014 3859 hdohste
1026 3803 1084 3860 cut
1101 3803 1211 3859 bestehe
1228 3803 1258 3858 iu
1276 3803 1367 3859 ciuem

202 3875 428 3996 naturqpmtissen
444 3873 544 3928 Lebcn.
580 3874 657 3928 Zwar
675 3873 737 3928 sind
755 3873 843 3928 damit
861 3873 1049 3928 verschiedene
1066 3873 1232 3944 Deutuugen
1249 3872 1369 3928 verbun-

202 3941 261 4006 den,
281 3959 297 3994 a
316 3959 345 3995 er
358 3941 422 4012 jane
438 3941 601 3996 varstanden
619 3941 757 4006 darunter,
777 3943 840 3997 dass
859 3960 887 3997 es
904 3942 943 3996 im
961 3941 1083 3998 Genussc
1100 3941 1165 3998 aller
1182 3942 1247 3996 oder
1264 3943 1366 4012 wenig-

200 4014 276 4065 stens
294 4007 341 4064 der
358 4010 576 4082 vorziiglichsten
594 4014 820 4082 naturgemtssen
837 4011 928 4082 Dingc
946 4010 1066 4076 bestehe,
1084 4009 1142 4066 und
1160 4010 1369 4066 dieseAnsicht

199 4080 239 4134 ist
269 4077 354 4134 sehon
383 4097 436 4134 von
466 4077 634 4135 Xenocrates
662 4080 719 4134 und
736 4079 897 4135 Aristotcles
925 4099 961 4134 au
995 4080 1141 4152 esprochcn
1166 4080 1282 4135 worden.
1319 4079 1365 4134 Da

199 4148 246 4202 der
270 4147 384 4203 Mensch
407 4167 456 4203 aus
474 4147 541 4202 aab
559 4147 616 4202 und
641 4149 715 4204 Seele
744 4148 861 4214 bestcht,
893 4167 923 4204 so
941 4099 1032 4204 hihen
1049 4149 1088 4204 sis
1106 4149 1157 4204 auf
1170 4147 1247 4216 beide
1269 4149 1366 4203 1111611-

200 4217 272 4272 sicht
289 4235 458 4289 genommen‚
477 4216 547 4272 doch
565 4235 612 4282 so,
637 4216 700 4272 dass
718 4217 756 4272 sie
774 4218 817 4273 116
835 4218 908 4273 Seele
926 4219 987 4273 dem
1004 4218 1113 4289 Korper
1129 4217 1243 4273 weitaus
1259 4216 1364 4272 vorzie·

198 4285 251 4340 hen
268 4285 327 4342 und
344 4286 444 4351 lehren,
462 4285 526 4340 dass
544 4285 588 4340 die
605 4286 732 4356 Vorziigs
758 4287 805 4342 der
823 4287 896 4342 Scele
924 4287 968 4342 die
985 4288 1027 4341 Tu
1048 4287 1135 4343 enden
1161 4286 1251 4349 scien,
1279 4285 1364 4340 deren

197 4355 296 4410 Keime
324 4354 369 4412 ihr
403 4374 457 4411 von
493 4355 539 4410 der
573 4355 667 4411 Natur
697 4356 877 4427 eingepllanat
905 4355 985 4411 scien.
1059 4375 1109 4410 anz
1139 4353 1260 4410 dassclbe
1286 4353 1366 4410 lehrt
