3020 4948
468 337 527 387 LIB.
545 332 583 386 11.
601 331 666 385 011.
685 329 796 384 Χ-ΧΙ.
816 331 845 396 §5
864 333 974 383 31-34.
1237 333 1277 394 69

107 509 257 592 ponere?
305 505 366 568 XI.
402 501 466 588 (33)
499 502 686 566 Bestiarum
717 523 794 565 vero
827 501 956 564 nullum
991 501 1149 565 iudicium
1181 508 1274 586 puto.

111 604 276 670 Quamvis
302 605 389 669 enim
412 605 610 690 depravatae
634 625 700 665 non
724 602 802 681 sint,
828 623 946 686 pravae
969 609 1083 666 tamen
1108 625 1179 668 esse
1202 626 1278 688 pos-

116 715 200 772 sunt.
250 707 301 768 Ut
322 706 480 770 bacillum
504 705 594 770 aliud
618 711 670 768 est
692 703 848 768 inflexum
871 710 905 767 et
928 703 1136 769 incurvatum
1165 705 1205 769 de
1228 705 1277 769 in-

114 809 262 886 dustria,
296 807 386 872 aliud
413 807 461 870 ita
488 813 618 884 natum,
654 805 699 869 sic
728 805 871 870 ferarum
898 812 1016 870 natura
1046 829 1113 870 non
1141 813 1193 870 est
1220 805 1278 870 illa

114 911 247 994 quidem
273 911 452 995 depravata
474 910 562 974 mala
577 907 762 994 disciplina,
785 909 844 972 sed
859 917 978 972 natura
994 931 1064 972 sua.
1098 909 1170 973 Nec
1187 929 1275 988 vero,

117 1021 153 1077 ut
171 1015 386 1097 voluptatem
410 1019 561 1099 expetat,
586 1016 705 1075 natura
726 1018 840 1075 movet
862 1011 1038 1091 infantem,
1065 1011 1124 1076 sed
1146 1019 1278 1076 tentum

118 1121 150 1178 ut
169 1138 204 1180 se
236 1115 309 1200 ipse
338 1115 472 1200 diligat,
501 1122 540 1177 ut
562 1114 729 1198 integrum
754 1135 788 1176 se
808 1114 1001 1198 salvumque
1029 1113 1122 1178 velit.
1170 1115 1277 1178 Omne

115 1219 196 1284 enim
223 1219 358 1297 animal,
384 1219 483 1282 simul
507 1224 559 1281 est
583 1225 702 1295 ortum,
728 1222 763 1280 et
787 1237 821 1280 se
845 1215 952 1301 ipsum
976 1225 1010 1282 et
1034 1239 1147 1281 omnes
1166 1224 1277 1301 partes

113 1345 187 1385 suas
220 1321 350 1405 diligit,
385 1321 547 1403 duasque,
582 1341 665 1402 quae
698 1319 860 1382 maximae
884 1327 976 1398 sunt,
1010 1320 1044 1383 in
1071 1319 1186 1405 primis
1210 1342 1277 1383 am-

115 1425 285 1508 plectitur,
310 1424 454 1488 animum
478 1432 513 1488 et
537 1447 666 1508 corpus,
691 1423 810 1487 deinde
833 1423 1005 1506 utriusque
1028 1433 1151 1508 partes.
1189 1425 1278 1488 Nam

117 1536 192 1591 sunt
215 1537 251 1591 et
273 1527 308 1592 in
329 1528 438 1592 animo
454 1527 630 1611 praecipua
653 1527 813 1611 quaedam
831 1525 913 1590 etin
931 1549 1077 1610 corpore,
1103 1549 1278 1611 quaecum

119 1631 232 1696 leviter
255 1631 407 1714 agnovit,
437 1637 517 1696 tunc
540 1631 724 1694 discernere
748 1630 881 1714 incipit,
912 1639 951 1694 ut
979 1653 1033 1708 ea,
1063 1653 1145 1715 quae
1173 1631 1277 1716 prima

126 1730 198 1794 data
218 1731 282 1795 sint
310 1738 445 1810 natura,
476 1737 613 1815 appetat
641 1736 898 1815 asperneturque
923 1732 1098 1796 contraria.
1145 1729 1211 1815 (34)
1235 1733 1277 1796 In

127 1831 175 1895 his
196 1833 303 1918 primis
326 1835 535 1900 naturalibus
558 1835 714 1918 voluptas
737 1835 818 1898 insit
840 1856 955 1913 necne,
981 1857 1102 1919 magna
1126 1836 1275 1919 quaestio

121 1942 178 1998 est.
216 1935 310 2000 Nihil
326 1959 402 2000 vero
419 1943 536 2022 putare
553 1958 624 2000 esse
640 1944 772 2020 praeter
788 1937 1008 2020 voluptatem,
1031 1960 1097 2000 non
1117 1939 1276 2017 membra,

116 2059 178 2100 non
201 2060 335 2116 censue,
366 2060 433 2102 non
455 2038 581 2123 ingenii
604 2045 749 2117 motum,
773 2060 841 2102 non
864 2037 1094 2122 integritatem
1118 2040 1273 2122 corporis,

116 2163 176 2206 non
199 2141 438 2221 valetudinem,
464 2163 611 2206 summae
635 2141 716 2206 mihi
738 2141 870 2206 videtur
892 2141 1054 2206 inscitiae.
1102 2143 1214 2225 Atque
1234 2144 1275 2207 ab

114 2242 173 2306 isto
204 2243 314 2327 capite
342 2244 441 2308 fluere
472 2266 606 2309 necesse
635 2249 686 2307 est
714 2266 845 2308 omnem
872 2244 1034 2308 rationem
1057 2245 1219 2308 bonorum
1243 2255 1277 2309 et

111 2346 286 2408 malorum.
337 2346 510 2410 Polemoni
543 2353 577 2409 et
604 2346 669 2409 iam
699 2353 775 2410 ante
804 2345 982 2410 Aristoteli
1010 2368 1048 2410 ea
1075 2345 1179 2429 prima
1205 2347 1277 2410 visa

176 2549 230 2604 33.
269 2551 330 2605 illa
348 2551 485 2623 quidem
505 2583 534 2591 -
555 2552 887 2617 seds.zu11110,34.
981 2552 1038 2608 sed
1056 2556 1184 2608 natura
1202 2571 1271 2608 sua.

109 2619 160 2674 010.
182 2619 260 2673 stellt
277 2621 350 2674 malo
368 2621 511 2692 disciplina
530 2622 668 2688 (aliorum)
687 2621 744 2675 und
762 2626 861 2676 natura
880 2639 929 2676 sua
952 2621 1123 2691 gegeniibcr,
1147 2623 1218 2677 ohne
1240 2643 1274 2678 zu

107 2687 259 2752 bedenken,
279 2687 342 2742 dass
361 2689 411 2744 das
428 2688 540 2760 Subject
564 2690 610 2744 des
629 2691 722 2744 Satzes
747 2691 824 2745 nicht
841 2691 927 2752 ferae,
951 2691 1067 2745 condem
1086 2691 1205 2746 ferarum
1228 2710 1274 2745 115-

106 2771 170 2812 tura
190 2756 240 2811 ist.
268 2757 380 2812 Sodann
397 2758 447 2812 hat
465 2777 501 2822 51,
520 2758 627 2814 obwohl
644 2759 742 2813 vorher
760 2759 804 2813 die
821 2759 941 2830 Begriffe
959 2759 1123 2830 depravatus
1140 2760 1197 2814 und
1215 2778 1274 2827 pra·

105 2845 155 2880 vus
175 2829 308 2896 getrennt
325 2845 423 2888 waren,
438 2827 510 2898 jetzt
528 2828 690 2898 depravatus
729 2827 964 2883 emeinschaftlich
982 2830 1030 2882 aut
1052 2828 1195 2898 disciplina
1219 2829 1275 2884 und

105 2899 212 2950 natura
231 2894 358 2965 benogen.
394 2895 566 2967 Depravatus
591 2897 668 2950 sollte
695 2847 759 2950 aher
786 2915 839 2951 nur
866 2897 918 2950 aul
940 2897 999 2951 eine
1026 2897 1112 2951 durch
1138 2897 1276 2952 schlechtc

105 2963 201 3018 Zucht
218 2963 444 3034 hervorgerufcnc
461 2964 642 3021 Verderbniss
660 2965 755 3088 {chen
852 2964 951 3020 Omne
969 2966 1057 3020 enim
1075 2965 1205 3021 animal
1223 2970 1273 3021 etc.

644 3054 663 3088 u

104 3033 158 3087 Die
178 3031 288 3086 weitere
304 3033 488 3104 Ausfiihrung
505 3034 535 3088 in
554 3033 601 3089 der
617 3035 643 3088 A

105 3101 154 3156 der
173 3099 225 3155 der
242 3100 443 3172 Peripatetiker
460 3102 525 3157 oder
542 3102 672 3157 vielmehr
690 3104 736 3157 des
754 3103 908 3158 Antiochus
926 3103 952 3156 V
970 3107 994 3166 9,
1014 3107 1047 3156 24
1059 3103 1087 3158 ff.
1169 3104 1275 3158 simul

105 3173 162 3222 est
181 3172 301 3224 ortum.
337 3171 399 3225 Nur
417 3170 505 3242 cinige
523 3171 641 3228 Hdschr.
661 3171 750 3226 haben
774 3172 856 3226 simul
880 3175 931 3234 ut;
959 3171 1084 3226 indessen
1108 3171 1193 3227 findet
1215 3173 1274 3227 sich

109 3236 198 3290 simul
213 3241 246 3290 nt
261 3239 299 3292 im
318 3239 402 3294 Sinne
420 3259 473 3294 von
492 3240 605 3295 simulac
623 3240 666 3294 bei
685 3240 740 3294 Oic.
760 3259 812 3295 nur
830 3259 866 3294 an
884 3245 900 3293 4
919 3239 1018 3294 Stellen
1037 3242 1128 3306 (Tusc.
1146 3241 1187 3294 IV
1206 3247 1230 3305 2,
1248 3245 1273 3294 5.

107 3309 144 3358 in
162 3304 238 3359 Verr.
253 3308 269 3360 I
287 3312 329 3372 26,
349 3313 390 3362 67.
410 3312 442 3363 de
460 3313 531 3363 orat.
548 3310 578 3363 II
597 3314 621 3371 5,
640 3313 681 3362 21.
717 3327 756 3362 or.
776 3309 849 3364 Phil.
867 3308 912 3364 ΠΙ
932 3314 956 3372 1,
975 3311 1010 3374 2).
1035 3308 1165 3379 Dagegen
1183 3307 1273 3363 bieten

106 3373 158 3428 dic
176 3371 295 3430 besseren
313 3375 431 3431 Hdschr.
451 3377 531 3432 simul
550 3381 577 3432 et
596 3380 687 3432 ortum
705 3381 732 3432 et
750 3395 786 3439 se,
805 3396 911 3433 uorans
930 3378 982 3432 mit
993 3376 1109 3448 Madvig
1120 3375 1273 3432 nnbedenk-

105 3442 166 3497 lich
185 3443 265 3498 simul
283 3449 325 3499 est
343 3450 435 3500 ortum
453 3450 480 3500 et
498 3464 526 3500 se
544 3446 721 3501 herzustellen
744 3446 791 3501 ist.
895 3465 930 3500 ca
952 3464 1035 3516 quae
1080 3447 1167 3500 rima
1190 3445 1273 3501 data

106 3513 185 3592 siunt
202 3517 340 3576 natura,
359 3517 393 3569 τὰ
413 3521 511 3590 πρῶτα
530 3517 602 3570 κατὰ
622 3515 726 3585 φύσιν,
752 3515 847 3570 womit
865 3515 909 3569 die
927 3515 1034 3570 Stoiker
1057 3465 1104 3569 ilie
1122 3515 1158 3569 Di
1198 3514 1272 3570 ebc-

103 3580 276 3646 ze1chneten,
295 3583 392 3638 welche
410 3583 439 3637 in
458 3587 542 3638 ersten
559 3582 645 3638 Reihe
663 3583 711 3638 das
730 3583 1055 3655 Begehrnngsvermdgen
1078 3585 1125 3638 der
1148 3583 1273 3639 beebten

104 3649 210 3704 Wesen
228 3668 339 3720 erregen
357 3651 414 3706 und
432 3652 475 3706 die
493 3653 532 3707 sie
550 3656 641 3708 nuerst
667 3671 721 3707 von
739 3653 831 3708 Natur
857 3653 999 3724 hegehren.
1035 3652 1092 3707 Oic.
1122 3656 1207 3707 nennt
1234 3654 1273 3706 sie

106 3719 179 3772 auch
198 3719 288 3790 prima
306 3723 420 3775 naturae
439 3721 494 3786 (III
513 3725 536 3785 9,
556 3725 598 3774 36.
624 3721 665 3774 IV
685 3727 725 3785 15,
745 3727 787 3776 41.
807 3726 847 3783 16,
867 3725 908 3775 43.
935 3723 961 3774 V
979 3726 1003 3785 8,
1023 3725 1064 3775 21.
1086 3725 1125 3786 16,
1144 3725 1189 3788 45)
1208 3721 1273 3775 oder

106 3787 198 3857 prima
218 3788 367 3844 secundum
385 3793 513 3844 naturam
533 3790 569 3856 (V
588 3794 612 3852 7,
633 3795 673 3843 18.
694 3795 733 3844 19.
762 3796 801 3854 16,
820 3793 881 3857 45),
911 3791 1001 3862 prima
1019 3794 1135 3846 naturae
1154 3790 1271 3846 secunda

106 3857 165 3922 (III
185 3861 226 3920 18,
246 3860 300 3922 61),
317 3859 451 3928 principia
469 3861 584 3912 naturae
612 3859 710 3924 (1116,
729 3863 770 3913 22.
791 3864 816 3921 7,
835 3862 896 3926 23),
923 3859 1057 3930 principia
1076 3860 1213 3914 naturalia
1232 3861 1273 3926 (II

108 3931 149 3988 11,
169 3929 211 3978 35.
241 3925 408 3991 1115,1c),
436 3926 517 3980 initia
535 3931 649 3982 naturae
668 3929 709 3992 (ΙΙ
728 3933 768 3993 12,
788 3932 828 3982 38.
856 3929 943 3993 1116,
962 3931 1014 3996 22),
1032 3928 1135 3999 primae
1156 3932 1271 3983 naturae

106 3993 313 4049 conciliationes
332 3997 423 4060 (1116,
438 3999 492 4060 22),
507 3997 597 4076 prima
616 3995 811 4064 naturalia'ffl
822 4003 862 4060 11,
873 4000 926 4064 35),
945 3997 1081 4052 naturalia
1099 3997 1154 4063 (ΠΙ
1166 4003 1206 4060 18,
1217 3999 1270 4064 61).

177 4062 229 4117 34.
265 4063 426 4135 voluptas
445 4065 535 4118 inslt
553 4083 664 4119 necne.
701 4067 766 4120 Dies
790 4065 934 4136 leugneten
958 4067 1001 4120 die
1026 4065 1143 4121 Stoiker.
1180 4065 1271 4120 em

106 4137 131 4194 5,
153 4135 194 4185 17.
265 4151 332 4187 non
350 4133 510 4198 membra,
529 4152 595 4188 non
613 4152 742 4188 sensus.
764 4135 852 4188 Nicht
870 4134 914 4188 die
931 4135 1039 4190 Glieder
1055 4134 1112 4188 und
1131 4133 1215 4190 Sinne
1233 4151 1270 4187 511

107 4200 175 4264 sich,
193 4200 312 4255 sondern
331 4220 382 4256 nur
401 4201 443 4256 die
461 4202 655 4258 unverletzten.
690 4203 728 4256 Es
745 4207 849 4258 musste
871 4204 979 4275 integra
1001 4203 1184 4274 hinzugefiigt
1206 4221 1267 4256 wer·

107 4268 167 4324 den.
204 4269 231 4324 S.
250 4270 276 4322 V
295 4274 319 4334 7,
339 4275 379 4324 18.
466 4271 600 4326 Polemo
619 4271 1268 4395 5151611101,Ν5011151ξ51ἆ1155Χ511οὅ15155111

947 4343 1097 4407 oe(280).
1156 4339 1188 4395 ic.
1207 4341 1266 4404 irre,

684 3052 787 3104 assung
806 3034 853 3090 dcr
871 3034 979 3089 Stoiker
997 3034 1067 3105 folgt
1085 3035 1129 3088 111
1148 3040 1227 3100 5,16,
1245 3035 1275 3089 in

107 4337 155 4392 der
173 4338 246 4394 alten
263 4338 410 4394 Academie
427 4358 481 4394 von
499 4343 549 4394 314
568 4358 593 4392 v.
606 4339 669 4394 Chr.
688 4340 730 4395 his
749 4361 783 4396 zu
802 4341 904 4396 seinem
