2974 4950
357 326 420 384 Ina.
438 329 471 382 V.
508 327 572 384 Car.
591 327 812 382 xxlv-XXV.
850 331 878 393 ἐξ
900 327 1010 383 72-75.
1206 333 1269 396 265

96 499 177 562 dies
204 501 477 583 voluptatemque
505 498 610 583 primo
639 498 815 562 dumtaxat
843 499 954 584 expeti
989 498 1116 577 dicant,
1150 499 1269 564 deinde

95 597 346 664 consuetudine
369 599 464 684 quasi
486 600 626 664 alteram
650 601 814 684 quandam
835 608 988 664 naturam
1006 599 1103 679 effici,
1130 625 1194 685 qua
1208 603 1268 664 im·

94 703 195 788 pulsi
222 705 329 768 multa
356 703 481 768 iaciant
509 704 635 767 nullam
666 711 861 787 quaerentes
893 704 1112 788 voluptatem.
1162 705 1270 768 Stoici

91 811 244 870 restant.
290 807 331 870 Ei
359 802 493 890 quidem
519 826 587 870 non
615 829 714 871 unam
743 807 889 890 aliquam
918 814 976 871 aut
1006 802 1146 871 alteram
1167 829 1270 872 rema

94 910 213 988 nobis,
239 910 298 976 sed
320 915 428 974 totam
448 911 492 974 ad
516 929 551 974 se
574 917 722 974 nostram
745 911 990 996 philosophiam
1012 911 1267 975 transtulerunt.

95 1015 236 1096 Atque,
261 1020 299 1076 ut
321 1011 441 1096 reliqui
462 1011 553 1076 fures
577 1031 689 1076 earam
711 1031 837 1091 rerum,
870 1033 950 1097 quas
975 1020 1149 1096 oeperunt,
1174 1012 1270 1094 signa

95 1120 323 1192 commutant,
347 1115 396 1178 sic
418 1113 478 1193 illi,
503 1121 542 1178 ut
565 1114 740 1180 sententiis
764 1116 887 1180 nostris
910 1137 968 1200 pro
992 1115 1060 1178 suis
1082 1122 1266 1194 uterentur,

94 1218 239 1282 nomina
261 1225 431 1301 tamquam
457 1235 568 1282 rerum
595 1224 693 1282 notas
722 1224 946 1282 mutaverunt.
993 1215 1049 1281 Ita
1071 1217 1270 1300 relinquitur

96 1323 175 1385 sola
214 1323 295 1384 haee
332 1315 509 1406 disciplina
545 1319 647 1404 digna
684 1320 844 1384 studiosis
880 1321 1100 1404 ingenuarum
1137 1320 1267 1399 artium,

97 1421 207 1507 digna
230 1422 382 1502 eruditis,
416 1423 518 1506 digna
541 1421 639 1486 claris
662 1421 758 1500 viris,
791 1423 893 1504 digna
914 1421 1134 1506 principibus,
1168 1421 1269 1506 digna

96 1526 251 1609 regibus.
308 1523 372 1608 (75)
417 1525 511 1590 Quae
550 1543 624 1588 eum
662 1525 802 1588 dixisset
839 1526 1040 1610 paulumque
1077 1523 1268 1605 institisset,

98 1628 195 1692 Quid
219 1633 290 1691 est?
313 1627 432 1712 inquit,
458 1627 581 1692 satisne
604 1627 700 1692 vobis
720 1627 835 1692 videor
850 1649 909 1712 pro
925 1648 997 1692 meo
1013 1629 1084 1693 iure
1100 1628 1134 1692 in
1149 1628 1269 1692 vestris

99 1729 240 1798 auribus
264 1727 528 1796 commentatus?
573 1729 619 1792 Et
641 1749 720 1813 ego,
746 1729 795 1792 Tu
818 1750 907 1808 vero,
932 1729 1078 1813 inquam,
1103 1727 1197 1808 Piso,
1230 1736 1270 1792 ut

98 1851 202 1914 saepe
227 1829 320 1908 alias,
345 1829 393 1894 sio
416 1830 515 1895 hodie
536 1829 586 1897 ita
609 1850 707 1894 nosse
731 1828 795 1894 ista
810 1831 901 1894 visus
918 1851 964 1908 es,
990 1837 1039 1909 ut,
1064 1831 1091 1894 si
1107 1831 1158 1894 tui
1173 1831 1268 1895 nobis

100 1939 254 2017 potestas
278 1932 409 2016 saepius
438 1932 549 2011 fieret,
583 1955 648 1996 non
680 1933 823 1996 multum
848 1932 982 1996 Graecis
1016 1932 1269 2016 supplicandum

100 2041 266 2117 putarem.
323 2030 423 2098 Quod
455 2034 589 2118 quidem
621 2057 659 2098 eo
691 2034 828 2119 probevi
859 2034 983 2118 magis,
1023 2033 1099 2118 quia
1134 2034 1270 2098 memini

101 2139 257 2200 Staseam
280 2136 552 2220 Neapolitanum,
578 2135 750 2202 doctorem
772 2136 868 2201 illum
890 2141 997 2215 tuum,
1023 2136 1169 2202 nobilem
1190 2159 1269 2201 sane

100 2239 380 2324 Peripateticum,
414 2240 584 2324 aliquanto
608 2238 675 2304 ista
702 2262 797 2304 secus
830 2240 939 2304 dicere
972 2238 1124 2318 solitum,
1157 2259 1268 2304 assen-

100 2341 244 2405 tientem
276 2339 334 2419 iis,
367 2341 423 2424 qui
451 2343 595 2406 multum
622 2342 656 2405 in
687 2341 822 2406 fortuna
854 2341 997 2405 secunda
1031 2351 1089 2405 aut
1118 2341 1266 2420 adversa,

100 2444 247 2508 multum
269 2443 303 2508 in
326 2442 422 2508 bonis
445 2451 502 2508 aut
525 2445 623 2508 malis
639 2444 784 2528 eorporis
800 2450 974 2529 ponerent.
1021 2445 1095 2522 Est,
1119 2447 1158 2508 ut
1174 2442 1266 2522 dicis,

101 2547 229 2630 inquit:
263 2548 321 2612 sed
353 2549 434 2612 haec
468 2548 509 2613 ab
542 2548 728 2628 Antiocho,
761 2547 916 2612 familiari
947 2554 1079 2626 nostro,
1114 2543 1269 2622 dicuntur

102 2652 213 2715 multo
237 2651 355 2715 melius
379 2659 414 2715 et
437 2651 569 2732 fortius,
602 2675 702 2736 quam
724 2675 743 2716 a
767 2655 883 2717 Stasea
906 2651 1119 2716 dicebantur:
1153 2675 1268 2736 quam·

103 2773 203 2836 quem
228 2773 290 2836 ego
313 2775 380 2818 non
409 2777 547 2838 quaere,
581 2756 661 2840 quid
688 2755 752 2820 tibi
781 2779 800 2820 a
828 2775 881 2819 me
908 2755 1085 2840 probatum
1114 2755 1175 2834 sit,
1209 2753 1268 2818 sed

101 2853 183 2918 huic
204 2854 354 2920 Ciceroni
376 2861 502 2936 nostro,
527 2879 625 2941 quem
648 2857 848 2941 discipulum
871 2857 966 2942 cupio
990 2881 1010 2921 a
1031 2864 1066 2922 te
1089 2855 1265 2923 ahduoere.

104 3012 272 3078 oeperunt
289 3028 360 3080 gana
379 3010 521 3080 allgemoin
539 3028 593 3064 von
606 3009 717 3072 Dieben‚
735 3009 835 3064 welche
848 3009 906 3064 sich
924 3009 954 3064 in
971 3009 1023 3064 deu
1035 3010 1127 3065 Besitz
1145 3011 1269 3064 fremden

101 3077 289 3146 Eigenthums
307 3082 406 3133 setzen„
528 3078 666 3132 nomina
684 3080 855 3147 tamquam
872 3095 982 3132 rerum
1001 3081 1100 3132 notas
1117 3082 1268 3133 mutave·

103 3149 204 3268 rusti,
218 3146 284 3269 0ti
295 3147 451 3270 wiequrholt
468 3146 563 3270 dieqen
577 3145 715 3268 ἔοέἓνηίἰ,
734 3145 797 3226 dass
816 3146 887 3266 quo
907 3145 1052 3266 ⁰l30¹¹l2i⁰l
1070 3147 1269 3269 qiogrtsgleusq

101 3232 138 3268 vo
173 3232 250 3270 erae
284 3234 343 3277 ‚ao
380 3233 498 3271 ernnnr
536 3233 560 3270 ie
603 3233 616 3268 c
653 3233 830 3269 nensemer
874 3232 923 3267 or
980 3232 1070 3268 esic
1125 3235 1142 3268 n
1223 3233 1256 3269 ne

102 3301 143 3338 un
180 3283 273 3338 diesen
289 3285 435 3339 Diabetahl
462 3284 549 3339 durch
575 3283 634 3338 eine
659 3283 820 3338 vertuderte
837 3233 1036 3352 Termidiiogie
1062 3301 1096 3336 zu
1122 3233 1269 3352 vegrbelrggsn

102 3351 223 3474 ttulit
241 3352 329 3475 l‘bi's
337 3355 407 3476 ”lib
426 3352 488 3476 tt
506 3350 779 3476 ggsppsgsdquggr
780 3351 888 3474 litt
899 3350 1051 3474 §inutili-
1068 3351 1116 3474 ill
1134 3355 1168 3474 ²1⁹2
1176 3355 1205 3474 ἒ
1227 3353 1269 3474 tt

121 3461 129 3482 a
165 3459 172 3474 ⁸
221 3462 228 3485 s
263 3457 270 3476 t
329 3463 337 3487 a
391 3463 397 3477 ⁶
488 3460 496 3487 t
550 3461 557 3474 ·
610 3463 617 3485 5
671 3461 678 3476 ·
769 3460 777 3475 ⁰
874 3459 880 3482 Ι
934 3461 941 3474 ·
1114 3461 1121 3482 a
1208 3459 1214 3474 ⁶

103 3491 186 3544 Anm.
206 3491 231 3543 2.

174 3557 222 3612 lh·-
259 3559 396 3614 satisne
421 3558 520 3613 vobis
539 3563 588 3614 eto.
625 3559 723 3613 ‘Meint
740 3557 792 3622 ihr,
811 3557 856 3612 ioh
874 3556 943 3612 habe
961 3552 1130 3626 hinliinglieh
1148 3555 1198 3610 das
1216 3557 1268 3611 mir

104 3643 160 3680 ron
178 3627 247 3682 euch
264 3627 450 3698 cingeriiumte
468 3627 559 3682 Recht
575 3627 727 3696 gebraucht
744 3625 802 3681 und
827 3645 876 3681 vor
902 3643 985 3680 suren
1002 3625 1094 3680 Ohren
1118 3624 1268 3694 ¹gleichsam

103 3713 153 3750 um
172 3695 245 3749 mich
263 3715 298 3750 zu
315 3696 388 3750 iiben
406 3695 628 3767 philosaphiertt'
707 3694 907 3750 inauribus
925 3693 1067 3748 vestrim
1087 3711 1124 3748 or.
1143 3693 1173 3747 in
1191 3694 1266 3747 Verr.

103 3765 194 3844 1133,
211 3768 244 3817 81
265 3782 327 3820 cum
345 3765 411 3819 haec
429 3767 568 3820 censemus
586 3765 646 3828 eris,
663 3783 734 3846 quae
753 3793 782 3804 -
803 3764 833 3819 in
850 3780 895 3845 ore
911 3765 995 3833 atque
1011 3762 1042 3845 in
1060 3761 1144 3816 oeulis
1173 3763 1267 3843 'rovin-

103 3836 670 3983 liaalieglidideduddlrulgsidolitiirellditiag
679 3831 1051 3982 ruqqhbqsppeeqlppserbgllhperslq
1066 3836 1130 3954 ¹3did
1145 3849 1266 3955 Pliildsirl

103 3971 168 4040 plna
185 3969 331 4042 gehaltan,
359 3971 477 4026 scndern
494 3971 547 4026 mit
564 3971 617 4026 den
634 3970 819 4026 Annesendea
860 3969 989 4024 lsrohsam
1035 3969 1268 4023 ememsohafthoh

103 4039 172 4094 iiber
190 4038 270 4094 einen
287 4039 434 4110 wichtigen
453 4040 627 4110 Gegenetand
646 4040 693 4094 der
711 4039 840 4109 Philosop
862 4039 885 4092 'e
904 4038 972 4092 nach
1027 4038 1099 4093 aoht.
1193 4038 1266 4091 Sta-

104 4125 180 4162 seas
199 4127 219 4162 s
238 4126 313 4163 zuo.
332 4113 357 4169 3,
377 4114 402 4163 8.
487 4109 941 4180 aliquantoistaseeusetc.
993 4105 1189 4161 'ctadeltam
1208 4106 1267 4159 Sta·

103 4194 173 4240 aeas,
192 4175 256 4230 dass
275 4195 303 4230 er
321 4175 374 4231 den
391 4181 520 4232 iusseram
536 4177 711 4232 Sohioksalen
729 4175 786 4231 und
804 4175 856 4230 den
879 4175 1023 4232 leihliclren
1051 4173 1207 4228 Zusttinden
1233 4192 1268 4228 zu

102 4244 300 4368 riegssGessqiegg
316 4245 460 4369 bggelegt·
566 4266 583 4301 a
600 4251 633 4300 te
650 4246 818 4301 abducere
836 4250 898 4300 ‘von
916 4245 959 4299 dir
976 4242 1118 4313 abuendig
1135 4241 1266 4297 machen'.

103 4332 118 4367 0
119 4354 370 4377 ·····
768 4334 771 4340 .
