3024 4938
243 293 282 354 18
475 288 525 343 DE
543 287 694 342 FINIBUS
714 286 897 342 BONORUM
916 287 963 341 ΕΤ
982 286 1171 342 MALORUM

243 481 339 543 quem
363 459 395 522 in
420 457 631 542 adoptionem
655 459 697 520 D.
724 457 836 521 Silano
860 457 1136 540 mancipaverat,
1162 464 1200 521 ut
1224 479 1308 535 eum,
1329 459 1406 520 Ma-

243 562 405 626 cedonum
428 559 549 644 legatis
581 559 831 638 accusantibus,
861 559 949 642 quod
977 559 1132 642 pecunias
1161 565 1345 643 praetorem
1368 559 1407 622 in

243 663 411 750 provincia
434 661 560 746 cepisse
583 668 777 746 arguerent,
808 683 941 726 causam
969 663 1055 745 apud
1085 684 1119 726 se
1143 661 1251 726 dicere
1273 662 1408 726 iuberet

242 788 342 850 reque
366 787 407 829 ex
429 771 569 846 utraque
591 769 685 848 parte
709 763 822 829 audita
845 764 1091 848 pronuntiaret,
1117 787 1192 830 eum
1214 787 1280 828 non
1302 766 1407 828 talem

244 867 347 933 videri
369 867 470 932 fuisse
494 865 528 928 in
551 865 703 948 imperio,
734 867 848 949 quales
876 867 945 932 eius
973 867 1112 932 maiores
1136 868 1288 947 fuissent,
1314 866 1407 930 etin

245 977 459 1056 conspectum
492 991 588 1031 suum
615 968 725 1032 venire
749 969 873 1048 vetuit,
902 993 981 1033 num
1009 969 1089 1054 quid
1115 969 1180 1033 tibi
1206 970 1336 1034 videtur
1363 969 1408 1032 de

244 1072 472 1158 voluptatibus
508 1071 575 1133 suis
614 1070 835 1155 cogitavisse?
891 1073 956 1136 Sed
989 1081 1028 1136 ut
1060 1073 1214 1136 omittam
1246 1072 1406 1156 pericula,

244 1177 386 1252 labores,
406 1173 554 1237 dolorem
571 1172 682 1252 etiam,
709 1195 805 1256 quem
829 1174 976 1259 optimus
1001 1175 1138 1259 quisque
1159 1197 1217 1258 pro
1241 1175 1347 1258 patria
1371 1183 1408 1236 et

244 1301 303 1362 pro
333 1276 400 1340 suis
429 1275 582 1359 suscipit,
613 1283 651 1338 ut
684 1299 750 1340 non
778 1277 876 1340 modo
905 1277 1030 1342 nullam
1060 1284 1188 1360 captet,
1218 1277 1276 1340 sed
1304 1277 1408 1340 etiam

131 1455 135 1465 ,
244 1383 431 1465 praetereat
454 1399 567 1442 omnes
591 1379 794 1462 voluptates,
820 1379 950 1444 dolores
974 1380 1115 1462 denique
1145 1380 1278 1462 quosvis
1302 1380 1407 1444 susci-

245 1503 322 1565 pere
345 1481 440 1545 malit
463 1503 562 1564 quam
585 1481 734 1544 deserere
761 1483 865 1545 ullam
894 1481 996 1546 officii
1018 1489 1157 1566 partem,
1182 1483 1224 1546 ad
1248 1505 1296 1562 ea,
1321 1505 1407 1565 quae

246 1587 309 1650 hoc
337 1607 402 1648 non
434 1584 542 1648 minus
570 1584 755 1662 declarant,
786 1585 844 1649 sed
872 1584 1027 1650 videntur
1054 1587 1193 1666 leviora,
1223 1586 1406 1650 veniamus,

247 1687 312 1773 (25)
329 1687 418 1752 Quid
434 1687 507 1766 tibi,
525 1687 702 1770 Torquate,
720 1687 798 1771 quid
814 1688 892 1753 huic
909 1689 1034 1753 Triario
1050 1689 1194 1768 litterae,
1207 1689 1286 1773 quid
1301 1689 1408 1752 histo-

246 1792 313 1856 riae
330 1790 542 1874 cognitioque
567 1813 673 1854 rerum
684 1839 694 1868 ,
725 1791 804 1874 quid
826 1798 999 1876 poetarum
1023 1792 1184 1871 evolutio,
1210 1791 1288 1874 quid
1311 1797 1409 1854 tanta

246 1901 300 1958 tot
323 1915 475 1958 versuum
500 1893 658 1956 memoria
680 1893 864 1976 voluptatis
880 1895 995 1962 affert?
1018 1895 1091 1958 Nec
1115 1894 1196 1959 mihi
1210 1894 1294 1957 illud
1315 1893 1408 1956 dixe·

247 1995 306 2059 ris:
324 1997 417 2059 Haec
434 1995 521 2059 enim
536 1995 608 2080 ipsa
623 1995 705 2058 mihi
723 2001 802 2058 sunt
817 1996 1026 2079 voluptatist
1042 2002 1135 2060 erant
1149 1996 1406 2078 illaTorquatiS.

247 2099 425 2181 Nunquam
449 2100 512 2161 hoc
536 2097 584 2160 ita
607 2097 757 2162 defendit
784 2097 947 2181 Epicurus
976 2120 1083 2181 neque
1111 2098 1321 2163 Metrodorus
1349 2105 1410 2160 aut

249 2202 421 2285 quisquam
441 2223 563 2279 eorum,
590 2200 645 2283 qui
669 2209 727 2264 aut
750 2209 881 2285 saperet
905 2201 1031 2285 aliquid
1054 2208 1113 2265 aut
1135 2201 1201 2265 ista
1223 2200 1408 2264 didicisset.

247 2423 338 2477 tandis
365 2422 518 2492 legionibus
545 2420 693 2476 adhiberet.
765 2421 799 2475 in
822 2422 1044 2492 adoptionem
1066 2453 1093 2462 -
1115 2423 1407 2546 emancipaverat.

247 2491 298 2544 Die
315 2490 376 2544 Ado
396 2489 455 2544 tion
473 2489 592 2560 gesehah
609 2490 638 2542 in
657 2488 704 2543 der
721 2489 826 2553 Weiss,
854 2489 916 2544 dass
935 2490 982 2544 der
1000 2491 1084 2546 Vatsr
1108 2492 1199 2546 seinen
1218 2492 1253 2545 So
1274 2511 1293 2546 n
1319 2491 1409 2544 ciuem

247 2559 359 2626 Dritten
376 2509 463 2612 durch
481 2559 648 2628 mancipatio
666 2557 780 2612 dreimal
798 2559 945 2613 verhaulte.
971 2559 1038 2614 War
1055 2579 1112 2614 nun
1131 2560 1178 2614 der
1195 2560 1269 2614 Sohn
1287 2558 1410 2613 zweimal

247 2645 309 2681 vom
327 2625 434 2680 Kaufer
452 2625 537 2680 durch
555 2627 735 2681 manumissio
754 2626 801 2680 fre'
823 2627 943 2692 classen,
972 2628 1080 2683 worauf
1094 2647 1122 2684 er
1139 2629 1169 2682 in
1192 2629 1235 2684 die
1261 2627 1410 2682 vaterliche

247 2695 351 2777 Gewalt
368 2695 520 2776 nuriiclrtieh
540 2713 569 2749 so
607 2695 706 2750 eschah
724 2695 781 2750 dies
819 2697 873 2751 eim
892 2696 995 2750 dritten
1013 2698 1085 2752 Male
1103 2698 1197 2760 nieht,
1224 2697 1341 2752 sondern
1359 2696 1411 2751 der

247 2765 352 2818 Kaufer
363 2767 568 2834 remancrprerte
616 2784 634 2817 n
653 2764 714 2820 dem
724 2765 816 2828 Vater‚
834 2764 883 2819 der
898 2765 948 2819 ihn
966 2784 1023 2820 nun
1041 2767 1070 2820 in
1077 2767 1222 2837 mancipio,
1242 2767 1319 2820 nicht
1331 2765 1411 2819 mehr

248 2833 276 2912 in
294 2832 383 2903 patria
393 2835 536 2954 potestate
554 2832 640 2887 hatte.
675 2834 751 2914 thzt
768 2833 835 2904 ging
854 2851 882 2913 er
899 2835 952 2888 mit
969 2834 1030 2888 dem
1049 2835 1138 2890 Sohne
1161 2835 1217 2890 und
1241 2834 1302 2889 dem
1320 2833 1410 2904 desig-

248 2900 392 2955 mertenA
412 2904 564 2970 optrvvater
582 2901 751 2956 vcherleht
773 2905 829 2957 und
847 2902 909 2956 hess
928 2921 956 2956 es
974 2903 1060 2957 durch
1078 2904 1107 2958 in
1124 2905 1182 2958 iure
1200 2904 1284 2958 cessio
1301 2903 1411 2972 gesehe

248 2969 308 3031 hen,
327 2969 390 3022 dass
409 2967 526 3023 derselbe
543 2969 595 3023 den
614 2969 689 3024 Sohn
708 2970 748 3024 als
766 2970 857 3024 seinen
874 2970 946 3024 filius
967 2971 1086 3027 familias
1109 2972 1276 3028 vindicierte.
1311 2972 1410 3041 Lange

247 3036 520 3091 ritmhlterthiimer
538 3038 552 3091 I
570 3038 597 3092 S.
618 3042 677 3092 106.
749 3038 839 3108 quod
859 3069 888 3078 —
909 3057 945 3093 ar
975 3045 1103 3100 nerent.
1138 3039 1411 3096 DisserNehensatz

249 3105 385 3186 erveitert·
398 3123 458 3170 nur,
478 3125 524 3187 um
544 3105 587 3160 die
605 3106 780 3230 Darstellqu
798 3057 1002 3190 anschaulieher
1026 3130 1060 3164 zu
1084 3110 1213 3191 machon,
1238 3109 1286 3164 das
1309 3109 1410 3187 legatis

248 3174 762 3325 t{tethutlttlttltttttt
782 3180 1036 3302 ttttetttt
1048 3183 1175 3302 treta
1189 3249 1218 3302 Π
1238 3196 1350 3312 ιῙέῗἘἯ
1357 3197 1412 3326 ¹32

249 3318 306 3366 nat.
325 3312 396 3366 deor.
414 3263 458 3366 ill
477 3317 518 3376 30,
538 3316 571 3366 74
589 3264 689 3368 'lubun
707 3313 740 3368 de
757 3315 872 3384 pecunia
889 3320 970 3386 capta
988 3317 1022 3370 ob
1040 3335 1095 3371 rem
1114 3315 1297 3370 iudicandam.
1322 3332 1359 3370 or.
1380 3334 1412 3368 1n

247 3381 324 3435 Verr.
342 3381 388 3436 III
408 3386 447 3462 le,
465 3387 499 3434 40
517 3383 660 3504 qpaeretis,
687 3402 753 3438 num
782 3401 849 3453 quas
876 3402 906 3438 ex
934 3385 1006 3439 hisce
1032 3385 1111 3439 rehus
1137 3385 1265 3456 pecunias
1292 3382 1413 3462 ceperit?

249 3453 281 3504 et
301 3479 331 3488 -
351 3453 462 3505 vetuit
479 3468 529 3506 nac
550 3451 634 3522 l'assrg
652 3451 698 3506 fiir
716 3455 743 3505 et
761 3482 793 3491 -
812 3455 926 3508 vetaret.
1013 3457 1049 3507 ut
1067 3453 1227 3508 omittam
1246 3485 1277 3492 —
1295 3470 1412 3506 venra-

250 3537 333 3572 mus.
358 3519 413 3572 Der
430 3518 553 3574 Weehsel
571 3520 616 3575 des
634 3520 773 3575 Numerus
791 3520 892 3575 erkltrt
911 3522 967 3576 sich
986 3522 1094 3587 daraus,
1113 3521 1175 3578 dass
1194 3523 1258 3585 cie,
1276 3521 1413 3575 nachdem

249 3605 277 3640 er
304 3586 352 3640 das
371 3586 462 3666 bisher
479 3588 597 3658 Gesagte
615 3589 694 3642 allein
717 3589 881 3659 hesproohen
907 3590 972 3652 hat,
1000 3590 1048 3644 das
1066 3591 1203 3661 Folgende
1221 3591 1274 3645 mit
1290 3591 1412 3658 Torqua·

248 3657 294 3708 tus
322 3654 379 3708 und
397 3655 519 3735 'triarius
545 3657 796 3726 gemeinschaftlich
823 3662 944 3713 erdrtern
970 3659 1033 3713 will.
1070 3661 1132 3730 Vgl.
1152 3679 1189 3714 or.
1209 3679 1233 3729 p.
1252 3660 1313 3728 Lig.
1333 3661 1356 3720 ἵ,
1375 3663 1413 3710 20

249 3721 296 3775 sed
314 3725 346 3775 ut
365 3726 492 3778 omittam
510 3743 680 3780 communem
699 3745 818 3788 causam,
836 3728 1022 3782 veniamusad
1034 3732 1164 3783 nostram.
1190 3729 1223 3782 de
1235 3728 1299 3798 imp.
1313 3727 1412 3796 Pomp.

251 3793 291 3852 16,
310 3793 342 3842 47
357 3809 425 3870 ‘non
442 3795 475 3845 ut
488 3793 523 3872 'in'
539 3793 611 3847 illius
623 3797 764 3915 potestate
781 3795 922 3876 fortunam
939 3797 1059 3866 positam
1082 3816 1138 3852 esse
1166 3796 1272 3860 dicam,
1300 3794 1347 3850 sed
1374 3803 1412 3849 ut

249 3861 396 3926 praetenta
414 3877 577 3942 meminisse,
595 3879 698 3942 re1qua
717 3881 822 3944 sperare
839 3865 990 3947 vrdeamun
1192 3933 1198 3946 ·
1287 3933 1294 3944 .

265 3995 272 4008 ‚
320 3926 371 3980 25.
408 3927 486 3983 hu1o
504 3930 643 3985 Triario
662 3931 732 3985 ‘dem
750 3932 810 3987 hier
827 3951 860 4002 gs
881 3935 1095 4004 enwartrgenT.'
1164 3934 1337 3988 hrstorrae
1355 3949 1413 3986 von

251 3995 517 4119 pqnzeIllnepnPapltien
533 3998 581 4079 der
599 3999 769 4091 (hesehichte,
787 4001 837 4056 wie
854 3952 880 4054 ll
888 4007 933 4083 Ι22,
947 4007 987 4058 64,
1056 4005 1237 4073 poetarum
1255 3999 1412 4080 evolutio

251 4081 309 4186 sidia
326 4067 974 4218 gliidhlieh<irhliircehldritiohvddldlllddridtiiiseraus
992 4071 1160 4210 nllddeuveeid
1170 4071 1413 4194 ‘hdrODdeiirllllietiii1

252 4199 334 4255 dorus
353 4221 402 4256 aus
415 4205 591 4288 Lampsacus,
605 4205 663 4286 ‘den
674 4205 922 4290 Lreblmgsschiiler
940 4208 986 4264 des
999 4209 1107 4280 Epicur,
1126 4212 1212 4264 nennt
1229 4209 1283 4263 Cic.
1302 4207 1335 4261 de
1352 4209 1412 4260 nat.

252 4268 323 4324 deor.
341 4272 355 4324 I
374 4276 415 4338 40,
435 4277 484 4327 113
502 4276 614 4346 Epicuri
632 4275 732 4347 collega
751 4281 900 4346 sapientiae
917 4279 973 4332 und
992 4278 1024 4331 de
1042 4279 1087 4332 fin.
1098 4279 1177 4342 1128,
1190 4283 1223 4332 92
1240 4295 1324 4348 paene
1342 4275 1413 4329 alter
