2974 4950
241 381 304 446 238
477 379 527 434 DE
545 378 696 435 FINIBUS
714 377 900 436 BONORUM
917 378 966 434 ΕΤ
982 377 1171 434 MALORUM

243 549 330 616 enim
352 552 416 615 hoo
440 549 560 615 differt.
606 551 695 615 Nam
717 550 808 634 prius
832 575 851 616 a
874 572 909 614 se
932 549 1057 635 poterit
1079 549 1219 634 quisque
1236 548 1397 612 discedere

243 675 341 738 quam
359 650 544 737 appetitum
559 674 671 718 earum
686 661 807 732 rerum,
833 653 996 737 quaesibi
1013 653 1213 732 conducant,
1239 651 1395 716 amittere.

241 755 319 820 Iure
342 754 444 840 igitur
466 753 654 840 gravissimi
676 754 867 840 philosophi
895 755 1028 820 initium
1056 754 1176 819 summi
1205 753 1288 819 boni
1309 777 1329 819 a
1349 776 1397 816 na-

241 865 318 922 tura
339 856 531 941 petiverunt
553 863 588 920 et
610 856 706 921 illum
722 856 906 942 appetitum
920 879 1030 923 rerum
1049 858 1091 922 ad
1106 862 1265 922 naturam
1280 877 1398 921 accom-

242 958 447 1024 modatarum
472 959 704 1044 ingeneratum
718 966 922 1044 putaverunt
943 961 1106 1039 omnibus,
1132 960 1210 1045 quia
1236 958 1397 1024 eontinen-

241 1069 358 1126 turea
382 1060 669 1126 commendatione
692 1067 841 1141 naturae,
868 1085 931 1147 qua
954 1085 989 1127 se
1012 1062 1075 1147 ipsi
1098 1061 1259 1146 diligunt.

329 1164 411 1228 XII.
453 1162 521 1249 (34)
552 1163 717 1249 Deinceps
742 1164 921 1231 videndum
944 1171 1007 1245 est,
1033 1165 1187 1251 quoniam
1212 1163 1297 1228 satis
1319 1182 1398 1247 aper·

243 1274 317 1332 tum
340 1273 392 1331 est
414 1267 479 1330 sibi
502 1287 664 1354 quemque
693 1274 811 1332 natura
834 1289 906 1332 esse
930 1289 1058 1348 oerum,
1089 1289 1172 1352 quae
1196 1266 1244 1331 sit
1267 1263 1397 1330 hominis

242 1378 376 1447 natura3
408 1368 516 1434 idest
540 1369 644 1449 enim,
670 1369 710 1434 de
734 1392 799 1454 quo
823 1370 1021 1455 quaerimus.
1068 1369 1175 1455 Atqui
1196 1369 1396 1456 perspicuum

245 1479 296 1538 est
318 1472 485 1538 hominem
509 1494 527 1537 e
550 1494 686 1558 corpore
709 1473 883 1558 animoque
907 1478 1071 1552 constare,
1096 1495 1170 1538 cum
1193 1473 1321 1558 primae
1342 1471 1398 1534 siut

245 1575 345 1640 animi
366 1582 489 1660 partes,
515 1575 678 1640 secundae
701 1575 857 1661 corporis.
896 1575 1032 1640 ‘Deinde
1048 1575 1082 1639 id
1099 1597 1231 1660 quoque
1249 1574 1395 1650 videmus,

245 1685 280 1742 et
306 1678 355 1743 ita
383 1679 563 1763 figuratum
592 1700 727 1762 corpus,
761 1686 800 1742 ut
828 1680 972 1744 excellat
1005 1679 1095 1759 aliis,
1130 1686 1160 1743 et
1189 1678 1336 1744 animum
1359 1674 1397 1739 ita

246 1779 486 1860 constitutum,
518 1787 557 1844 ut
589 1788 624 1845 et
651 1781 804 1846 sensibus
827 1780 1012 1847 instructus
1036 1781 1080 1846 sit
1112 1789 1147 1846 et
1169 1783 1296 1847 habeat
1317 1798 1395 1864 prae·

245 1882 405 1947 stantiam
427 1882 560 1962 mentis,
584 1883 637 1948 cui
659 1888 732 1949 tota
754 1884 897 1950 hominis
920 1891 1040 1949 natura
1062 1891 1195 1971 pareat,
1222 1885 1258 1949 in
1281 1877 1396 1968 quasit

245 1985 407 2050 mirabilis
440 1986 603 2070 quaedam
634 1984 684 2051 vis
715 1987 853 2051 rationis
886 1993 920 2050 et
952 1985 1152 2071 cognitionis
1185 1994 1222 2051 et
1254 1981 1395 2050 scientiae

247 2088 474 2172 virtutumque
497 2088 654 2154 omnium.
699 2089 895 2173 Numquae
919 2089 1064 2174 corporis
1089 2096 1176 2170 sunt,
1203 2113 1244 2155 ea
1259 2111 1319 2153 nec
1333 2105 1395 2150 auc·

247 2191 420 2257 toritatem
444 2215 518 2258 cum
541 2193 642 2258 animi
665 2193 825 2279 partibus¹
845 2193 1099 2277 comparandam
1128 2201 1162 2258 st
1186 2191 1394 2278 cognitionem

247 2295 375 2359 habent
401 2295 594 2360 faciliorem.
640 2295 761 2380 Itaque
789 2296 831 2359 ab
854 2295 912 2360 nis
941 2295 1118 2360 ordiamur.
1166 2294 1234 2380 (35)
1259 2287 1395 2378 Corporis

247 2397 351 2482 igitur
373 2399 480 2464 nostri
502 2406 613 2484 partes
635 2406 774 2483 totaque
797 2398 903 2482 figura
927 2404 962 2462 et
984 2397 1090 2463 forma
1114 2403 1148 2464 et
1171 2403 1301 2464 statura
1315 2412 1413 2479 quam·

233 2557 341 2623 ¹enim
359 2568 419 2622 hoc
438 2569 575 2624 differt:
594 2587 622 2623 es
640 2568 679 2623 ist
696 2568 759 2622 kein
776 2569 957 2624 Untersohied
975 2569 1111 2625 zwisohen
1128 2570 1212 2625 homo
1225 2568 1282 2624 und
1294 2560 1394 2623 hominis

248 2636 466 2760 deiiiiiizbeides
479 2636 608 2693 bedentet
626 2637 682 2691 ‘der
693 2637 808 2692 Mensch
825 2656 880 2693 von
889 2639 981 2693 Seiteu
994 2637 1081 2692 seiner
1098 2638 1273 2694 natiirlichen
1285 2628 1394 2692 Besahaf-

318 2789 488 2846 Betrachtun
525 2792 572 2846 der
589 2791 808 2847 Beschaffenheit
824 2791 872 2846 der
889 2792 1090 2848 menschliohen
1107 2793 1207 2849 Natur.
1228 2795 1283 2849 Der
1298 2782 1394 2845 Menseh

249 2858 358 2914 besteht
376 2878 425 2914 aus
442 2810 510 2914 hoii
528 2859 585 2914 und
603 2861 685 2916 Seele.
720 2861 775 2915 Der
792 2860 921 2916 letzteren
938 2862 1058 2932 gebiihrt
1075 2862 1122 2916 der
1139 2862 1229 2916 Vorra
1285 2876 1330 2913 vor
1346 2853 1393 2907 dem

248 2929 365 2998 Kdrper.
400 2928 452 2982 Die
470 2928 544 2983 Seele
561 2928 611 2983 het
628 2928 694 2984 uwei
711 2929 798 2984 Arteu
815 2947 869 2984 von
880 2930 913 2984 n‘
935 2930 1108 2985 enschaften:
1128 2930 1253 2987 unfreiw'
1266 2928 1316 2998 lige
1332 2923 1392 2990 (Ffls'

250 2996 418 3066 sungskratt
431 2995 622 3060 Gediichtniss,
634 2997 827 3068 Naturgaben)
845 2997 903 3053 und
947 2998 1071 3069 eiwillige
1089 2998 1246 3070 (Klugheit,
1258 2999 1392 3054 Beeonner·

249 3064 315 3129 heit,
333 3064 498 3135 Tupferlreit,
516 3065 643 3121 Gerech'
664 3066 741 3134 keit).
777 3066 854 3138 (Gap.
874 3072 906 3121 12
926 3098 956 3108 -
978 3072 1018 3132 13,
1037 3069 1092 3135 36.)
1340 3129 1345 3142 ¹

319 3131 369 3188 84.
405 3133 573 3206 Deinceps
599 3135 632 3190 vi
663 3135 784 3191 endum
811 3139 872 3191 est.
907 3136 996 3193 Ueber
1014 3135 1057 3191 die
1075 3137 1158 3191 Form
1176 3135 1224 3191 der
1243 3131 1360 3191 transitro
1375 3141 1390 3176 s·

249 3202 364 3272 Seyffert
381 3202 470 3258 Schol.
487 3203 536 3258 lat.
553 3205 569 3258 Ι
587 3203 614 3258 S.
635 3209 674 3259 15.
744 3205 853 3275 Atqui
895 3205 1092 3276 erepieuum
1111 3209 1161 3260 est
1179 3209 1230 3260 etc.
1267 3195 1392 3262 Ciafoltt

249 3271 278 3325 in
297 3271 344 3326 der
361 3271 590 3343 Beweisiiihrung
607 3272 669 3328 dem
686 3274 848 3339 Antiochus,
867 3225 963 3328 dessen
979 3274 1099 3328 Ansicht
1116 3292 1169 3328 uus
1186 3274 1216 3329 iu
1229 3274 1326 3328 Varroe
1336 3265 1390 3339 Aac·

249 3340 492 3422 einandersetzung
509 3342 553 3397 bei
569 3341 718 3423 Augusth
729 3342 762 3396 de
780 3341 853 3423 civit.
865 3343 917 3425 Dei
928 3342 1027 3396 XIX3
1046 3360 1076 3396 so
1094 3342 1266 3423 qufbewahrt
1283 3341 1328 3419 istr
1345 3332 1390 3386 Pn-

248 3410 1391 3559 tete”1¹50effi,Bttffitdtttzehrtrgflqt‘dtffrAtetta&

249 3546 340 3600 Sentrt
359 3564 464 3669 qurqqre,
483 3548 513 3601 in
531 3548 589 3602 eius
608 3551 708 3602 natura
726 3548 780 3603 duo
799 3566 856 3603 esse
873 3549 1024 3620 quaedam,
1052 3567 1149 3619 corpus
1168 3553 1196 3603 et
1213 3549 1344 3627 animum,
1369 3535 1389 3587 11

248 3613 347 3669 horum
366 3634 413 3685 qur
433 3633 474 3669 em
493 3613 610 3670 duorum
628 3617 724 3670 melius
742 3635 799 3672 esse
816 3617 939 3674 animum
963 3617 1095 3688 longeque
1120 3617 1323 3692 praestabihue3
1347 3620 1390 3681 ⁰11?

248 3683 314 3737 nino
341 3701 397 3738 non
423 3683 535 3739 dubitat
553 3688 603 3740 etc.
638 3685 718 3740 Auch
736 3685 779 3740 bei
797 3685 874 3742 Stob.
893 3687 940 3742 ecl.
959 3685 989 3740 Π
1007 3691 1031 3749 6,
1051 3690 1065 3738 1
1084 3705 1109 3756 p.
1129 3690 1179 3740 256
1197 3706 1223 3741 u.
1243 3687 1291 3740 258
1307 3679 1340 3733 ist
1355 3671 1389 3724 dle

248 3751 368 3806 Ansicht
385 3751 434 3808 der
451 3753 652 3823 Peripatetiker
669 3754 698 3808 in
717 3755 764 3808 der
776 3752 866 3810 Weise
884 3755 930 3809 des
942 3754 1096 3810 Antiochus
1115 3757 1299 3826 vorgetragen.
1331 3755 1388 3798 cum

248 3821 687 3946 iriidairidniaiiiddpss
693 3827 744 3944 ²1⁰5
767 3809 1388 3947 11111111111121111111

250 3959 332 4025 etque
349 3957 429 4011 ratio.
483 3931 717 4024 cognitionem
735 3934 864 4014 liabent
883 3912 1072 4016 facidiorem
1084 3911 1149 4016 13dqas
1167 3911 1236 4016 ldist
1253 3957 1307 4014 sich
1322 3943 1386 4004 leich-

249 4028 291 4079 ter
308 4023 460 4079 erkeuneu'.
495 4027 556 4081 Vl.
575 4048 609 4083 zu
627 4048 649 4084 c.
669 4033 710 4093 10,
729 4033 762 4082 21
781 4029 980 4084 dubitationem
1007 4048 1063 4084 non
1085 4030 1177 4085 habet.
1213 4031 1248 4084 So
1266 4022 1336 4081 cient
1350 4015 1386 4068 ha·

249 4093 311 4148 bers
329 4094 382 4148 mit
400 4047 638 4164 entspreciendem
656 4098 868 4153 substantivum
885 4117 934 4152 zur
950 4099 1072 4168 Bildnng
1097 4099 1219 4170 passiver
1234 4083 1384 4152 Ausdrdckez
1453 4075 1454 4128 1

250 4163 460 4217 admirationem
479 4163 527 4230 (ad
545 4164 609 4220 fam.
627 4167 653 4220 V
673 4172 712 4232 12,
732 4171 756 4221 5.
774 4167 830 4221 VH
850 4173 872 4230 1,
891 4171 915 4221 2.
943 4172 1011 4223 orat.
1030 4172 1053 4232 3,
1074 4172 1126 4236 11),
1145 4166 1336 4224 excusationem
1352 4147 1385 4215 (116

250 4249 305 4286 sen.
325 4236 365 4296 18,
385 4235 438 4300 65),
456 4233 653 4289 recusationem
672 4235 716 4302 (de
733 4235 784 4306 leg.
802 4235 832 4290 Π
845 4240 886 4299 16,
899 4240 953 4303 41),
970 4255 999 4290 re
1018 4237 1204 4292 rehensicnsm
1223 4235 1297 4304 (orat
1314 4218 1384 4304 3310*

249 4301 452 4425 qqlqrqqqtionem
471 4302 515 4369 (de
532 4305 589 4357 nat.
608 4304 679 4358 deor.
698 4305 713 4358 I
733 4309 773 4368 11,
792 4305 845 4371 45).
872 4305 906 4360 In
925 4305 972 4360 der
1016 4306 1072 4376 egel
1090 4306 1155 4361 tritt
1173 4306 1216 4360 ein
1234 4298 1383 4372 Adjeotwssm
1453 4351 1454 4364 ,
