3020 4948
207 299 248 364 86
438 297 489 352 DE
506 241 658 352 rmlssnb
676 295 861 351 BONORUII
878 296 926 352 ΕΤ
944 294 1133 351 MALORUM

205 468 293 534 enim
315 475 349 533 te
374 467 446 552 quis
479 489 656 552 coarguere
687 467 817 552 possit?
862 466 927 530 Sed
951 467 1048 531 nimis
1071 468 1188 532 mults.
1235 466 1367 550 Perspi-

206 594 305 636 cuum
327 579 380 636 est
402 570 500 650 enim,
524 570 589 634 nisi
611 570 772 654 aequites,
797 569 896 649 fides,
920 569 1050 633 iustitis
1070 569 1325 654 proficiscentur
1348 591 1369 632 a

205 683 333 755 ustura,
359 681 393 739 et
409 672 436 738 si
452 673 561 738 omnis
584 675 666 737 haec
689 673 731 736 ed
752 672 936 737 utilitatem
957 672 1152 750 referantur,
1177 672 1283 736 virum
1306 673 1368 736 bo-

205 802 285 844 num
306 799 373 843 non
395 799 490 861 posse
514 774 668 860 reperiri,
694 775 799 858 deque
823 776 874 840 his
896 776 995 840 rebus
1019 776 1099 839 setis
1123 777 1227 839 multa
1250 775 1283 840 in
1306 797 1368 838 no-

210 883 287 947 stris
311 882 351 946 de
374 903 409 944 re
432 881 566 964 publica
588 878 681 942 libris
705 884 784 941 sunt
806 877 897 942 dictu
919 901 938 943 e
961 878 1086 943 Ireelio.

290 984 385 1049 XIX.
433 985 505 1066 (60)
530 980 687 1046 Transfer
709 981 798 1046 idem
820 982 862 1046 ed
885 982 1081 1048 modestiam
1104 983 1157 1047 vel
1179 987 1368 1066 temperan-

203 1089 297 1166 tiam,
322 1094 473 1171 quaeest
497 1083 681 1148 moderatio
705 1084 926 1170 cupiditatum
948 1085 1068 1149 rationi
1091 1086 1281 1150 oboediens.
1307 1087 1369 1149 Sa·

204 1192 291 1255 tisne
311 1212 390 1274 ergo
406 1189 524 1273 pudori
541 1189 705 1268 consulet,
729 1189 845 1272 siquis
869 1188 939 1252 sine
962 1195 1050 1253 teste
1073 1189 1205 1254 libidini
1227 1194 1369 1273 penest?

205 1296 261 1358 An
284 1301 337 1356 est
360 1291 485 1376 aliquid
507 1313 565 1376 per
588 1313 623 1356 se
646 1292 756 1376 ipsum
777 1292 996 1376 flagitiosum,
1022 1291 1123 1356 etiem
1145 1294 1174 1356 si
1195 1292 1288 1357 nulls
1311 1314 1368 1356 co·

204 1398 343 1461 mitetur
358 1394 512 1462 infamia?
535 1394 646 1459 Quid?
669 1394 773 1459 sortes
789 1395 851 1458 viri
865 1395 1120 1480 voluptatumne
1137 1395 1271 1460 calculis
1288 1396 1369 1460 snb·

205 1499 315 1564 ductis
331 1498 494 1584 proelium
508 1497 635 1577 ineunt,
661 1499 858 1581 sanguinem
872 1521 931 1582 pro
954 1499 1062 1582 petria
1082 1497 1299 1583 profundunt,
1324 1522 1370 1562 sn

106 1643 107 1646 =
204 1601 349 1685 quodam
363 1600 464 1666 enimi
478 1601 594 1664 ardore
610 1607 710 1684 etque
733 1599 861 1685 impetu
885 1600 1064 1669 concitati?
1087 1601 1209 1666 Utrum
1230 1602 1371 1666 tandem

205 1726 331 1783 censes,
355 1704 533 1786 Torquate,
557 1703 776 1786 Imperiosum
797 1703 904 1782 illum,
929 1705 957 1767 si
980 1713 1093 1768 nostre
1108 1706 1209 1769 verbe
1224 1704 1367 1784 audiret,

207 1815 342 1871 tuamne
357 1807 399 1870 de
416 1827 451 1869 se
470 1805 653 1869 orationem
668 1806 829 1871 libentius
845 1806 1035 1871 auditurum
1056 1806 1158 1872 fuisse
1183 1830 1223 1871 sn
1246 1829 1367 1886 meum,

206 1931 282 1973 oum
305 1930 367 1993 ego
391 1908 535 1973 dicerem
558 1907 641 1972 nihil
665 1930 740 1972 eum
763 1908 881 1973 fecisse
905 1932 964 1974 sus
994 1931 1090 1975 causa
1118 1911 1291 1994 omniaque
1318 1912 1372 1975 rei

204 2013 368 2097 publicae,
392 2021 432 2075 tu
455 2020 571 2077 contre
594 2013 677 2078 nihil
701 2014 764 2078 nisi
787 2018 869 2081 sua?
914 2013 949 2076 Si
971 2035 1048 2078 vero
1072 2013 1106 2078 id
1130 2015 1231 2078 etiem
1254 2013 1369 2097 expla-

204 2139 282 2182 nsre
305 2117 409 2182 velles
434 2118 644 2202 apertiusque
668 2117 794 2182 diceres
817 2117 900 2180 nihil
922 2139 999 2181 enm
1029 2117 1148 2182 fecisse
1178 2116 1241 2181 nisi
1271 2117 1370 2181 volu·

203 2221 309 2305 ptetis
333 2243 445 2299 causa,
478 2220 663 2304 quomodo
688 2242 763 2285 enm
784 2220 922 2285 tendam
942 2222 1089 2284 laturum
1118 2220 1220 2284 fuisse
1253 2218 1369 2284 existi·

204 2513 251 2583 vig
270 2515 283 2578 ξ
302 2515 361 2566 370.
449 2511 624 2581 impunite
641 2529 694 2566 von
712 2510 768 2565 cie.
787 2530 839 2566 nur
856 2511 915 2566 hier
932 2511 1097 2581 gebraucht;
1124 2513 1279 2568 ausserdem
1297 2513 1372 2568 noch

204 2599 258 2635 von
276 2580 381 2636 Metius
400 2579 444 2635 bei
461 2579 516 2634 Oic.
536 2579 571 2633 sd
589 2579 654 2634 Iam.
672 2579 715 2633 XI
732 2584 775 2643 28,
793 2583 818 2633 3.
899 2579 961 2634 Sed
980 2581 1081 2636 nimis
1099 2581 1210 2637 multa
1227 2586 1276 2636 etc.
1312 2581 1370 2636 An-

205 2651 267 2704 dere
284 2649 402 2703 Formen
419 2648 466 2703 der
483 2648 631 2704 revocatio:
650 2666 672 2702 c.
690 2651 732 2712 26,
751 2652 784 2701 82
803 2647 855 2702 Sed
874 2648 939 2703 hoec
958 2649 1027 2704 nihil
1044 2668 1108 2705 sane
1125 2649 1161 2704 ad
1178 2669 1248 2706 rem:
1267 2650 1313 2705 illa
1330 2651 1370 2704 vi·

204 2719 325 2773 deamus.
361 2721 403 2782 27,
422 2721 456 2771 et
483 2717 535 2772 Sed
555 2717 584 2770 in
601 2713 687 2771 rebus'
699 2715 878 2788 apertissimis
897 2717 1013 2772 nimium
1030 2717 1107 2790 longi
1124 2737 1228 2774 smnus.
1263 2719 1370 2783 11122,

205 2792 238 2840 24
256 2785 309 2840 Sed
327 2786 383 2840 iam
401 2786 489 2840 sentio
507 2804 551 2840 me
568 2803 625 2840 esse
641 2785 749 2855 longius
767 2789 934 2856 provectum,
975 2805 1041 2841 uem
1064 2789 1205 2860 proposita
1227 2789 1299 2843 rstio
1322 2807 1370 2859 po·

204 2855 319 2909 stularet
341 2883 368 2894 —
389 2853 454 2909 oder
471 2855 501 2908 in
519 2855 592 2908 einer
609 2854 662 2908 mit
680 2854 726 2909 aed
744 2853 932 2925 eingeleiteten
973 2874 1050 2927 rage:
1075 2857 1100 2911 V
1120 2861 1159 2920 19,
1179 2862 1210 2911 51
1230 2857 1283 2912 Sed
1300 2855 1371 2926 quid

204 2924 306 2979 attinet
324 2922 356 2978 de
374 2923 454 2978 rebus
473 2927 531 2978 tam
549 2923 650 2994 opertis
667 2924 745 2994 plura
763 2923 914 3005 requirere?
927 2953 957 3005 7-
977 2925 1065 2980 Ueber
1082 2924 1126 2980 die
1143 2925 1243 2997 Ellipse
1260 2943 1314 2979 von
1331 2925 1370 3007 lo-

202 2993 444 3142 irus-uer
456 2996 509 3143 ,d
526 2991 1044 3142 secernerentur
1059 2998 1087 3117 s
1104 2993 1372 3144 {resedens

204 3129 411 3254 ffifflhffigkffit
427 3129 606 3252 gbbg.21hm
622 3130 777 3201 gegendber
794 3130 962 3200 vertherdrgt
978 3131 1073 3185 thus
1091 3131 1135 3186 dre
1153 3131 1369 3202 Gerechtrgkert.

234 3202 251 3253 d
273 3199 326 3253 ius
345 3219 367 3254 s.
384 3217 419 3254 zu
437 3218 458 3254 c.
495 3241 502 3262 ,
538 3205 562 3253 4.

273 3267 326 3322 60.
346 3267 467 3323 ineunt
487 3299 517 3310 -
536 3267 769 3340 profundunt:
789 3269 846 3322 Das
859 3269 1020 3340 Asyndeton
1038 3269 1222 3339 copulativum
1240 3289 1289 3324 zur
1300 3269 1369 3323 Dar-

204 3337 264 3392 stell
341 3337 388 3392 der
406 3338 541 3393 schnellen
558 3336 615 3391 und
638 3355 695 3392 erre
729 3354 763 3391 en
780 3336 862 3392 Rede.
951 3338 1076 3392 Utrum
1093 3338 1231 3393 tandem
1250 3355 1369 3392 censes

204 3411 255 3460 etc.
317 3425 353 3460 on
370 3406 424 3461 den
440 3405 494 3461 mit
511 3409 606 3461 utrum
623 3423 693 3476 ange
716 3409 728 3420 '⁶
752 3405 848 3477 digten
865 3405 961 3461 beiden
979 3405 1107 3462 Gliedern
1129 3407 1178 3462 der
1194 3408 1232 3461 Fr
1268 3406 1369 3462 ewird

204 3475 253 3528 das
266 3478 337 3530 erate
355 3475 501 3538 derebus,
521 3475 569 3530 des
588 3475 680 3530 zweite
699 3473 785 3529 durch
807 3493 844 3529 en
861 3474 1028 3546 eingefuhrt.
1045 3475 1155 3530 Genea:
1174 3475 1248 3530 Welc
1268 3493 1296 3531 es
1314 3493 1370 3529 von

204 3543 301 3599 beiden
318 3544 419 3599 meinst
437 3543 491 3598 du?
520 3544 622 3598 meinst
640 3543 692 3606 du,
712 3543 790 3612 jener
807 3544 973 3615 Imperiosus
990 3543 1083 3600 wi‘rrde
1099 3544 1181 3599 lieber
1199 3544 1277 3599 deine
1294 3544 1371 3601 Rode

204 3612 339 3684 angehdrt
355 3611 446 3667 haben
464 3612 528 3667 oder
547 3611 590 3666 die
607 3611 690 3666 meini
710 3617 741 3666 e?
776 3611 817 3667 IV
835 3615 876 3676 24,
896 3617 928 3666 ct
952 3611 1054 3668 Utrum
1077 3612 1165 3683 igitur
1182 3614 1294 3669 tandem
1310 3632 1370 3685 per·

205 3699 218 3734 s
237 3681 342 3762 iouisne
358 3680 441 3762 dubia
459 3682 619 3762 aperiuntur
637 3699 673 3735 en
691 3631 782 3762 dubiis
799 3681 942 3753 perspicua
959 3681 1111 3738 tolluntur?
1147 3683 1201 3764 νεὶ
1219 3683 1246 3736 V
1264 3686 1306 3746 26,
1326 3686 1370 3764 II,

230 3749 380 3804 ewbhnhch
397 3749 465 3804 wrrd
483 3768 572 3805 ne1m
590 3753 679 3804 ersten
696 3748 792 3806 Glrede
809 3751 990 3820 ausgelassen.
1058 3751 1293 3822 Imperiosum.
1311 3751 1369 3807 Orc.

203 3817 310 3872 scheint
327 3817 375 3872 der
386 3817 504 3872 Ansicht
521 3836 645 3887 genesen
661 3836 695 3872 zu
713 3819 779 3882 sein,
797 3819 861 3874 dass
874 3819 952 3889 jener
964 3818 995 3873 Τ.
1007 3819 1138 3885 Manlius,
1158 3820 1205 3875 der
1216 3821 1255 3876 im
1267 3820 1371 3892 Kriege

204 3887 257 3940 mIt
275 3885 326 3940 den
344 3885 463 3940 Gelliern
487 3886 619 3956 indulge
642 3886 690 3941 der
713 3887 874 3944 erbeuteten
896 3887 1044 3944 Halskette
1067 3889 1222 3960 Torqustus
1245 3895 1371 3971 genennt

204 3954 303 4016 wurde,
322 3953 374 4008 den
391 3953 540 4009 Beinemen
557 3955 724 4026 Imperiosus
746 3959 804 4011 erst
825 3956 911 4011 durch
934 3957 1006 4011 seins
1030 3958 1145 4014 Strene
1221 3976 1254 4013 en
1276 3977 1370 4014 semen

205 4022 281 4078 Sohn
299 4023 407 4094 erlengt
424 4022 508 4089 hebe;
526 4022 607 4078 allein
625 4025 710 4080 sehon
728 4025 786 4080 sein
798 4026 884 4080 Vnter
899 4026 932 4080 L.
945 4025 1065 4082 Manlius
1084 3977 1177 4082 ffihrte
1215 4027 1289 4084 'esen
1305 4028 1369 4084 Bei-

205 4109 305 4147 namen
323 4092 394 4160 (niv.
413 4091 470 4147 VII
487 4094 566 4159 3-5)
597 4093 654 4148 nnd
672 4094 742 4148 auch
766 4093 816 4150 der
839 4094 873 4150 de
890 4094 935 4148 fin.
953 4095 969 4148 Ι
987 4099 1011 4156 7,
1030 4100 1063 4149 24
1085 4101 1222 4166 genennte
1240 4097 1270 4151 Τ.
1288 4096 1369 4151 Man·

204 4161 258 4215 lius
276 4161 433 4242 Torquatus
450 4161 565 4234 gehdrte
582 4181 616 4217 zu
634 4163 681 4218 der
699 4162 813 4218 FemiIie
831 4163 878 4218 der
895 4163 1021 4227 MeuIier,
1038 4164 1136 4220 welche
1153 4163 1206 4220 den
1217 4165 1370 4221 Beinsmen

204 4230 350 4352 Imperiosi
367 4234 473 4302 trugen.
583 4250 650 4302 quo
669 4231 766 4286 modo
785 4251 858 4287 eum
876 4232 1017 4287 taudem
1034 4237 1084 4288 etc.
1107 4257 1132 4282 =
1153 4234 1275 4306 profecto
1293 4233 1370 4290 nullo

204 4316 250 4353 mo
270 4317 286 4353 o
303 4299 410 4355 loturus
429 4299 512 4355 fuisse
530 4301 727 4356 existimandus
750 4305 799 4355 est.
836 4300 928 4356 Selten
949 4300 1035 4356 findet
1058 4302 1116 4357 sich
1140 4320 1194 4373 qno
1216 4303 1298 4358 modo
1317 4309 1371 4359 -2
