2942 4950
225 357 289 420 232
463 355 513 409 nn
530 353 683 408 FINIBUS
701 352 886 410 BONORUM
903 354 951 408 ΕΤ
969 353 1158 408 Mnuoaun

224 529 296 589 tum
319 525 441 590 sensim
463 524 580 608 incipit
602 524 758 608 progredi
778 543 915 608 seseque
931 545 1111 608 agnoscere
1127 530 1162 588 et
1176 520 1386 605 intellegere,

226 650 323 712 quam
339 629 381 693 ob
399 650 532 693 causam
546 629 670 692 habeat
681 649 766 705 eum,
785 649 883 711 quem
899 625 1053 705 diximus,
1071 625 1171 690 animi
1186 625 1384 710 appetitum,

226 734 424 814 coeptatque
448 736 482 794 et
506 751 553 808 ea,
579 751 662 814 quae
684 735 822 794 naturae
846 728 950 793 sentit
973 736 1062 812 apte,
1088 735 1246 814 appetere
1264 735 1301 792 et
1317 748 1386 812 pro·

225 832 356 916 pulsare
380 831 555 896 contraria.
601 833 691 915 Ergo
716 831 804 896 omni
832 831 965 896 animali
991 830 1092 911 illud,
1127 831 1214 915 quod
1246 829 1385 915 appetit,

225 933 370 1017 positum
400 943 451 998 est
477 934 511 998 in
541 955 595 1013 eo,
629 934 717 1018 quod
743 941 881 999 naturae
912 941 964 998 est
987 934 1290 1000 accommodatum.
1335 931 1387 994 lta

226 1036 300 1101 finis
323 1038 486 1102 bonorum
509 1035 642 1102 exsistit
663 1038 844 1102 secundum
859 1045 1011 1102 naturam
1027 1038 1137 1103 vivere
1153 1038 1201 1102 sio
1216 1039 1386 1112 affectum,

225 1146 265 1202 nt
292 1141 416 1224 optime
445 1139 534 1204 affici
564 1140 672 1225 possit
703 1141 746 1204 ad
776 1147 994 1224 naturamque
1028 1138 1385 1204 accommodatissime.

226 1238 293 1324 (25)
327 1240 490 1306 Quoniam
524 1249 633 1305 autem
667 1264 726 1306 sua
758 1239 915 1324 cuiusque
953 1240 1130 1305 animantis
1149 1256 1151 1259 ’
1167 1248 1293 1304 natura
1329 1242 1385 1315 est,

225 1365 361 1407 necesse
386 1350 438 1407 est
460 1344 560 1408 finem
584 1366 712 1428 quoque
736 1345 881 1408 omnium
904 1347 992 1408 hunc
1016 1367 1103 1423 esse,
1127 1351 1166 1408 ut
1189 1351 1315 1410 natura
1337 1363 1386 1406 ex·

226 1447 359 1528 pleatnr
386 1485 426 1494 -
454 1447 539 1510 nihil
567 1447 653 1510 enim
682 1448 836 1532 prohibet
864 1446 1025 1530 quaedam
1058 1468 1130 1510 esse
1164 1453 1199 1510 et
1232 1447 1326 1509 inter
1345 1449 1386 1505 'se

228 1547 425 1612 animalibus
448 1549 583 1632 reliquis
614 1557 648 1612 et
677 1571 751 1632 cum
778 1549 895 1614 bestiis
922 1548 1048 1612 homini
1076 1548 1281 1632 communia,
1313 1569 1384 1630 quo-

226 1650 316 1714 niam
338 1651 484 1715 omnium
507 1659 560 1716 est
581 1659 700 1716 natura
723 1651 906 1716 communis
928 1689 986 1730 -‚
1019 1651 1077 1714 sed
1101 1658 1252 1714 extrema
1276 1651 1335 1714 illa
1356 1654 1386 1710 et

228 1745 369 1831 summa,
404 1775 486 1836 quae
516 1755 716 1836 quaerimus,
749 1755 836 1818 inter
867 1753 1058 1818 animalium
1081 1775 1204 1836 genera
1230 1753 1385 1817 distincta

228 1863 262 1919 et
286 1855 460 1939 dispertita
483 1856 550 1920 sint
572 1865 608 1920 et
631 1879 690 1920 sua
713 1857 830 1940 cuique
854 1857 984 1941 propria
1008 1862 1041 1920 et
1064 1856 1106 1920 ad
1128 1856 1163 1920 id
1185 1865 1279 1940 apta,
1305 1852 1385 1938 quod

229 1959 386 2044 cuiusque
409 1965 527 2024 natura
551 1959 727 2023 desideret.
769 1960 833 2043 (26)
858 1963 969 2024 Quare
986 1981 1061 2023 cum
1078 1957 1219 2022 dicimus
1238 1955 1384 2022 omnibus

228 2063 426 2126 animalibus
455 2073 640 2126 extremum
668 2083 740 2126 esse
769 2062 952 2126 secundum
979 2068 1132 2126 naturam
1161 2060 1294 2139 vivere,
1326 2080 1384 2122 non

227 2166 275 2230 ita
298 2164 526 2250 accipiendum
550 2171 616 2243 est,
650 2165 743 2248 quasi
772 2164 920 2228 dicamus
944 2187 1045 2228 uuum
1070 2185 1140 2228 esse
1164 2163 1314 2227 omnium
1336 2182 1383 2223 ex·

227 2275 385 2347 tremum,
416 2269 475 2332 sed
502 2276 540 2331 ut
564 2268 709 2333 omnium
732 2268 852 2333 artium
873 2275 964 2332 recte
988 2267 1054 2332 dici
1080 2270 1194 2351 potest
1217 2284 1384 2332 commune

230 2394 312 2450 esse,
337 2380 376 2436 ut
398 2372 432 2436 in
455 2372 565 2454 aliqua
587 2371 727 2435 scientia
748 2376 936 2448 versentur,
966 2368 1139 2434 scientiam
1162 2376 1278 2433 autem
1300 2387 1385 2430 suam

231 2473 387 2557 cuiusque
411 2473 492 2537 artis
516 2493 599 2551 esse,
624 2473 671 2536 sic
695 2494 867 2537 commune
891 2471 1080 2536 animalium
1106 2471 1254 2534 omnium
1276 2489 1383 2534 secun-

231 2577 309 2639 dum
331 2581 485 2640 naturam
499 2574 621 2652 vivere,
647 2574 705 2638 sed
721 2581 855 2638 naturas
873 2595 944 2636 esse
961 2570 1118 2654 diversas,
1142 2579 1181 2635 ut
1199 2572 1293 2636 aliud
1309 2589 1383 2652 equo

230 2763 336 2825 tinitiit,
355 2760 425 2816 auch
444 2761 487 2815 bei
504 2761 620 2815 Plautus
638 2760 724 2826 (Tria.
743 2761 783 2815 IV
802 2766 826 2825 2,
839 2765 871 2814 33
889 2779 976 2815 unum
994 2760 1148 2884 quidlquid).
1184 2761 1383 2832 coeptatque

230 2835 262 2886 et
280 2849 317 2884 ea
334 2860 367 2870 -
386 2849 402 2884 a
432 2833 545 2900 petere
564 2833 595 2884 et
612 2829 816 2900 propulsare
833 2830 1022 2884 contraria.
1079 2848 1110 2884 as
1127 2829 1251 2884 Verbum
1269 2832 1384 2897 coeptare

230 2899 380 2970 gebraucht
399 2849 453 2953 dic.
473 2917 524 2952 nur
541 2898 601 2953 hier
618 2897 675 2952 und
693 2898 723 2952 in
746 2897 797 2952 den
815 2899 1000 2968 Fragmenten
1019 2899 1105 2954 seinos
1122 2897 1328 2966 Uebersetnung
1344 2892 1383 2971 dee

229 2971 333 3024 Aratus
351 2985 376 3021 v.
396 2971 443 3020 131
465 2967 536 3022 sicut
554 2985 616 3022 cum
634 2970 762 3038 coeptant
779 2971 855 3022 tutos
873 2969 1030 3038 contingere
1047 2970 1157 3038 portus,
1175 2967 1232 3021 und
1251 2982 1323 3022 zuar
1340 2961 1384 3016 111

231 3037 292 3092 dem
309 3035 363 3090 Inf.
382 3035 451 3090 nach
470 3035 531 3091 dem
549 3035 695 3107 Vorgcnge
714 3036 760 3091 des
778 3037 931 3091 Lucretius.
950 3037 1047 3107 Spdter
1064 3035 1216 3106 gebrauobt
1233 3053 1263 3090 es
1282 3031 1384 3089 Tacitus

230 3123 300 3176 geru
319 3105 371 3158 mit
389 3105 476 3159 einem
493 3103 614 3175 Object.·

301 3171 351 3227 25.
387 3173 445 3227 sed
463 3177 612 3228 extrema
630 3173 693 3227 illa
713 3204 742 3214 -
764 3173 955 3244 dispertita
974 3173 1055 3227 sint.
1083 3173 1165 3226 Sina:
1184 3172 1256 3226 Weil
1275 3167 1380 3225 dieNa·

231 3246 277 3296 tur
293 3242 370 3312 jedes
388 3242 502 3298 Wesens
519 3242 694 3297 verschieden
711 3242 765 3306 ist,
784 3261 813 3296 so
832 3242 903 3312 folgt
920 3242 973 3297 mit
990 3240 1242 3312 Nothwendiglreit,
1263 3241 1326 3294 dass
1343 3235 1384 3289 des

232 3311 287 3365 Ziel
305 3310 369 3365 aller
387 3310 430 3365 die
447 3309 623 3381 Befriedigun
663 3310 709 3364 der
726 3310 819 3366 Natur
836 3311 887 3372 ist,
907 3310 970 3364 dass
989 3309 1052 3364 aber
1070 3309 1120 3364 das
1138 3309 1255 3365 hdchste
1273 3305 1327 3363 Ziel
1344 3303 1383 3356 der

231 3379 397 3434 besonderen
414 3379 506 3434 Natur
526 3379 596 3434 'edes
651 3397 726 3434 esens
745 3379 904 3450 entspricht.
939 3379 1007 3433 Man
1026 3381 1153 3434 erwartet
1170 3381 1241 3432 statt
1259 3378 1307 3431 dea
1324 3373 1383 3428 Oen·

228 3449 351 3518 junctius
369 3447 422 3502 dcn
438 3449 492 3502 Inf.
512 3398 656 3519 dispertita
674 3466 747 3512 esse,
775 3447 810 3502 da
828 3449 883 3502 Cic.
902 3447 941 3501 im
959 3451 1051 3503 ersten
1068 3446 1147 3501 Glied
1178 3447 1230 3500 den
1247 3445 1302 3500 Ins.
1320 3437 1383 3496 nach

231 3534 336 3572 necesse
355 3520 396 3571 est
413 3521 518 3586 gesstzt
535 3516 592 3571 hat.
617 3517 654 3570 Es
673 3516 711 3570 ist
729 3516 786 3572 dies
804 3517 862 3570 eine
879 3516 1023 3571 Variaticn
1042 3515 1089 3570 der
1107 3516 1242 3579 Structur,
1262 3515 1305 3570 die
1322 3506 1383 3564 auch

232 3589 309 3639 sonat
327 3585 495 3640 vorkommt:
515 3585 548 3639 de
565 3589 623 3639 nat.
636 3585 707 3640 deor.
720 3585 766 3640 111
779 3589 820 3648 14,
833 3589 866 3638 36
884 3582 1024 3655 Quidquid
1042 3590 1084 3638 est
1101 3585 1173 3639 enim
1192 3583 1265 3655 quod
1284 3593 1383 3637 sensum

231 3654 339 3717 habeat,
357 3653 386 3707 id
405 3671 511 3708 necesse
529 3657 571 3708 est
589 3655 691 3709 sentiat
709 3657 736 3708 et
753 3653 922 3724 voluptatem
941 3657 968 3708 et
986 3652 1118 3720 dolorem;
1148 3651 1183 3707 ad
1201 3670 1283 3734 quem
1301 3650 1382 3705 autem

232 3721 308 3776 dolor
333 3722 444 3786 veniat,
472 3723 506 3776 ad
535 3722 650 3777 eundem
678 3722 760 3778 stiam
787 3723 933 3778 interitum
950 3722 1041 3776 venire
1068 3725 1114 3786 (st.
1132 3713 1381 3777 11111111111111111)Ι

231 3790 316 3870 Acad.
337 3791 367 3846 11
386 3797 426 3856 12,
446 3795 478 3845 39
489 3795 565 3872 'ante
583 3791 669 3845 videri
687 3791 790 3874 aliquid
807 3810 890 3864 quam
908 3809 924 3845 a
944 3809 1029 3872 arnus⁸
1040 3808 1146 3874 neqesse
1164 3793 1205 3845 est
1223 3790 1301 3913 eique
1318 3777 1381 3856 quod

231 3877 321 3912 visum
340 3862 377 3913 s1t
395 3863 562 3914 assentiatur
580 3862 625 3926 (st.
644 3863 792 3928 assentur).
812 3889 841 3900 -
862 3859 918 3914 Vor
969 3859 1051 3930 advrg
1068 3860 1139 3915 loste
1155 3877 1221 3914 man
1267 3877 1299 3912 en
1324 3867 1380 3924 gan·

232 3945 281 3980 zen
300 3931 312 3992 ἓ
331 3927 361 3979 in
379 3931 395 3980 3
414 3928 459 3981 liir
478 3928 535 3982 sich
554 3928 717 3984 bestehende
735 3929 815 3984 Siitne
834 3929 893 3983 auf:
917 3928 1053 3996 Quoniam
1072 3963 1102 3973 —
1122 3930 1156 3982 nt
1174 3931 1274 3982 natura
1291 3920 1379 3999 explet·

232 3998 286 4052 tur.
321 3994 401 4049 Nihil
418 3996 489 4050 enim
512 3997 640 4067 prohibet
660 4027 688 4037 -
709 3997 870 4052 communis.
907 3997 959 4052 Sed
986 4000 1105 4052 extrema
1131 3997 1177 4051 ille
1195 4027 1228 4036 —
1247 3996 1288 4050 dis
1307 3988 1381 4048 crille

232 4066 298 4144 sunt
318 4091 346 4102 -
367 4062 510 4118 desiderat.
546 4066 627 4120 Diese
644 4066 824 4138 Eintheilung
841 4065 933 4136 billigt
950 4065 1022 4121 auch
1038 4064 1133 4121 Baiter
1159 4065 1188 4120 in
1215 4065 1263 4120 der
1288 4013 1378 4118 lanch-

232 4135 319 4188 maer
335 4133 464 4188 Ausvabe
483 4136 558 4196 1663,
576 4133 671 4190 indem
688 4154 716 4190 er
734 4135 772 4189 im
792 4142 815 4189 1.
834 4135 914 4190 Satze
931 4138 964 4189 ut
990 4153 1040 4189 sua
1067 4133 1197 4215 cuiusque
1222 4137 1319 4189 natura
1338 4141 1377 4207 ,θ’

231 4201 338 4323 qleatur
356 4179 413 4256 und
431 4201 469 4256 im
488 4206 529 4266 3.,
558 4201 605 4257 der
622 4222 679 4258 nun
696 4223 767 4273 ganz
795 4203 964 4274 selbst‘andig
990 4202 1075 4267 wird,
1102 4203 1239 4258 des1derat
1265 4193 1377 4258 schrobt

256 4270 348 4324 reilrch
366 4273 471 4326 miisste
489 4271 562 4330 dann
580 4272 650 4326 auch
669 4271 812 4344 dispertita
831 4275 896 4327 sunt
913 4275 1018 4344 gesetzt
1034 4272 1148 4328 werden.
1167 4271 1194 4326 S.
1212 4271 1298 4326 Heine
1314 4267 1340 4322 in
1355 4257 1376 4310 d·

231 4338 346 4394 Jahrbb.
365 4340 384 4395 f.
402 4338 499 4394 Philol.
518 4360 545 4395 u.
563 4339 667 4411 Piidag.
687 4345 754 4395 1666
772 4342 798 4394 S.
818 4345 877 4394 251.
