2942 4950
327 289 390 344 Lm.
408 289 462 344 111.
497 289 561 346 Car.
579 287 745 346 XIX-XX.
782 291 810 355 §5
829 293 939 346 64-6‘1.
1151 294 1213 356 163

21 447 22 450 “
76 458 208 522 nuntiari
231 459 318 523 solet
340 497 402 538 -,
427 466 516 524 certe
539 479 654 524 verum
677 466 729 524 est
752 459 849 524 etiam
870 459 930 538 iis,
966 461 1021 544 qui
1040 461 1217 545 aliquando

73 561 165 626 futuri
187 561 267 641 sint,
292 583 363 626 esse
386 570 521 648 propter
543 560 632 645 ipsos
657 555 905 626 consulendum.
966 563 1044 628 XX.
1077 561 1143 648 (tt)
1165 563 1216 628 Ex

73 667 125 728 hac
147 664 331 729 animorum
353 664 526 729 affectione
547 669 749 729 testamenta
765 663 1131 749 commendationesque
1147 688 1216 731 mo·

73 767 213 832 rientium
236 774 335 832 natae
359 774 448 832 sunt.
496 765 660 849 Quodque
687 787 782 830 nemo
814 767 849 830 in
880 789 1006 832 summa
1036 769 1218 834 solitudine

73 869 163 934 vitam
184 891 285 955 agere
306 870 401 948 velit,
425 891 466 934 ne
489 891 564 934 cum
586 869 716 934 infinita
739 869 872 953 quidem
887 870 1096 954 voluptatum
1112 873 1217 936 abnn-

74 971 181 1050 dantia,
206 972 308 1036 facile
330 971 539 1056 intellegitur
561 994 622 1036 nos
645 972 688 1035 ad
704 971 969 1036 coniunctionem
985 973 1215 1058 congregatio-

73 1096 197 1159 nemque
220 1075 396 1140 hominum
418 1083 453 1139 et
476 1075 517 1139 ad
533 1075 717 1139 naturalem
733 1075 1002 1140 communitatem
1019 1097 1090 1140 esse
1106 1083 1212 1141 natos.

73 1177 268 1261 impellimur
290 1185 402 1242 autem
424 1185 542 1242 natura
563 1185 603 1241 nt
624 1177 782 1261 prodesse
797 1177 938 1242 velimus
955 1179 1215 1263 quamplurimis
1314 1262 1318 1268 .

74 1280 99 1344 in
129 1281 309 1365 primisque
341 1280 490 1345 docendo
522 1279 772 1364 rationibusque
804 1281 1000 1364 prudentiae
1031 1281 1214 1347 tradendis.

75 1383 125 1466 (66)
145 1385 267 1468 ltaque
290 1407 357 1448 non
379 1383 476 1448 facile
500 1391 552 1448 est
573 1382 735 1461 invenire,
762 1384 817 1467 qni
841 1383 928 1466 quod
951 1385 1034 1448 sciat
1057 1385 1127 1469 ipse
1150 1408 1216 1454 non

74 1485 167 1549 tradat
188 1485 306 1550 alteri:
345 1486 392 1549 ita
414 1508 481 1550 non
504 1485 611 1550 solnm
634 1485 676 1550 ad
700 1485 893 1550 discendum
914 1487 1069 1571 propensi
1091 1511 1214 1567 sumus,

75 1588 298 1654 verumetiam
321 1588 363 1652 ad
385 1588 584 1654 docendum.
630 1591 743 1672 Atque
766 1595 805 1652 ut
827 1587 929 1652 tauris
953 1595 1071 1654 natura
1102 1591 1221 1655 datum,

78 1697 171 1756 estut
191 1714 254 1776 pro
279 1690 395 1755 vitulis
418 1698 534 1756 contra
557 1690 668 1756 leones
700 1713 828 1755 summa
859 1691 893 1756 vi
914 1691 1105 1776 impetuque
1138 1715 1219 1758 con·

79 1793 213 1874 tendant,
249 1793 298 1857 sic
321 1793 363 1872 ii,
397 1793 453 1877 qni
475 1795 589 1858 valent
613 1793 730 1877 opibus
754 1801 853 1876 atque
875 1794 910 1859 id
932 1793 1040 1858 facere
1063 1804 1215 1879 possunt,

78 1903 109 1957 ut
126 1895 159 1960 de
175 1897 324 1961 Hercule
347 1902 382 1960 et
405 1897 444 1960 de
460 1895 582 1961 Libero
605 1896 803 1981 accepimus,
827 1897 869 1959 ad
892 1896 1089 1961 servandum
1110 1919 1217 1982 genus

76 1998 228 2063 hominum
250 2004 370 2062 natura
391 1998 584 2062 incitantur.
631 2001 744 2082 Atque
768 1997 869 2062 etiam
890 1999 1004 2062 Iovem
1028 2020 1103 2063 cum
1119 2001 1216 2084 Opti-

76 2120 149 2163 mum
170 2108 204 2165 et
225 2101 414 2166 Maximum
437 2100 575 2164 dicimus
599 2121 739 2184 cumque
762 2100 902 2164 eundem
926 2100 1122 2180 Salutarem,
1146 2101 1216 2164 Ho-

76 2199 221 2283 spitalem,
248 2205 428 2282 Statorem,
453 2205 517 2268 hoc
532 2202 684 2286 intellegi
698 2202 862 2281 volumus,
887 2202 1028 2266 salutem
1046 2203 1216 2267 hominum

74 2300 100 2365 in
119 2305 182 2368 eius
205 2327 281 2372 esse
303 2305 423 2370 tutela.
469 2304 607 2370 Minime
630 2309 739 2369 autem
765 2304 929 2383 convenit,
955 2327 1028 2368 cum
1050 2305 1113 2390 ipsi
1127 2305 1214 2370 inter

72 2425 117 2468 nos
137 2409 217 2473 viles
245 2407 459 2492 neglectique
482 2407 604 2486 simus,
628 2408 796 2492 postulare
820 2415 858 2471 ut
890 2407 939 2472 dis
970 2407 1213 2473 immortalibus

73 2509 122 2571 cari
153 2510 259 2574 simus
292 2517 326 2573 et
357 2511 397 2573 ab
430 2509 470 2573 iis
502 2509 689 2593 diligamur.
736 2509 843 2574 Quem
875 2509 916 2573 ad
947 2509 1082 2574 modum
1112 2509 1214 2595 igitur

71 2612 207 2676 membris
236 2612 361 2676 utimur
383 2610 473 2697 prius
506 2634 604 2696 quam
635 2612 829 2690 didicimus,
863 2610 955 2675 cuius
988 2634 1026 2676 ea
1055 2612 1213 2676 utilitatis

73 2731 154 2778 causa
175 2715 381 2793 habeamus,
406 2713 455 2777 sic
477 2706 646 2780 internos
670 2720 789 2778 natura
812 2713 854 2777 ed
878 2713 1010 2778 civilem
1033 2714 1213 2778 communi·

70 2818 161 2880 tatem
182 2815 356 2882 coniuncti
379 2823 413 2880 et
437 2817 618 2882 consociati
641 2839 764 2880 sumus.
812 2816 911 2881 Quod
933 2817 969 2882 ni
990 2818 1038 2881 ita
1060 2840 1096 2884 sc
1111 2819 1213 2882 habe·

69 2921 126 2996 ret,
155 2939 215 2984 nee
241 2917 389 2982 iustitiae
411 2919 500 2982 ullus
523 2923 612 2983 esset
642 2940 704 2982 nec
735 2917 880 2981 bonitati
910 2919 1014 2983 locus.
1061 2919 1124 3004 (67)
1148 2921 1213 2984 Sed

70 3037 123 3098 quo
143 3024 242 3088 modo
265 3021 436 3086 hominum
459 3020 546 3086 inter
568 3020 718 3086 homines
742 3021 821 3084 iuris
846 3043 917 3084 esse
933 3022 1065 3086 vincula
1080 3031 1212 3106 putant,

70 3301 76 3313 ι
135 3238 179 3294 tt.
201 3242 312 3297 vitam
331 3259 430 3312 agere
447 3241 538 3298 velit
556 3240 621 3295 ‘sein
639 3240 731 3295 beben
748 3239 898 3312 zahringen
916 3240 1041 3306 mdchte',
1059 3241 1131 3296 denn
1148 3243 1214 3297 velit

69 3306 102 3357 ist
119 3308 186 3380 Oonj.
202 3314 310 3383 potent.
379 3310 418 3364 ad
436 3309 628 3366 naturalem
646 3309 927 3364 communitatem
945 3327 1018 3364 csse
1036 3314 1150 3366 natos:
1168 3310 1212 3364 die

68 3372 171 3446 Begriffe
187 3379 342 3434 naturalem
361 3379 418 3434 und
435 3382 515 3434 natos
533 3377 675 3433 anthalten
693 3378 754 3432 eine
772 3376 940 3448 Tantalogie.
1257 3378 1259 3387 ’

125 3447 172 3501 66.
206 3452 246 3502 ut
263 3447 303 3502 de
320 3447 465 3502 Hercule
483 3452 516 3501 et
535 3447 572 3502 de
589 3447 716 3501 Libero
736 3446 929 3516 accepimus
948 3447 1002 3516 vgl.
1021 3447 1053 3501 de
1071 3447 1210 3502 natdeor.

67 3507 143 3578 1124,
160 3521 191 3570 62
211 3517 337 3586 Suscepit
354 3521 446 3571 autem
464 3516 522 3571 vita
539 3515 682 3574 hominum
700 3513 919 3584 consuetudoque
937 3516 1096 3578 communis,
1115 3519 1147 3570 ut
1164 3517 1209 3571 be·

66 3582 153 3638 notens
170 3585 326 3640 excellentes
343 3585 416 3639 viros
433 3585 462 3638 in
480 3584 583 3639 caelum
600 3585 674 3640 lama
692 3602 723 3638 ac
741 3583 881 3638 voluntate
898 3584 1030 3639 tollerent.
1049 3583 1122 3638 Hinc
1140 3585 1208 3638 Her·

66 3651 131 3716 cules,
149 3654 212 3709 binc
231 3653 329 3708 Castor
346 3658 373 3708 et
390 3653 494 3715 Pollux,
513 3653 576 3708 hino
593 3653 778 3723 Aesculapius,
796 3652 860 3706 bino
877 3652 959 3707 Liber
976 3653 1068 3708 etiam.
1149 3654 1210 3708 Sa·

66 3715 196 3777 luterem
226 3719 366 3797 Σωτῆρα,
390 3722 549 3793 gleiebwobl
567 3722 668 3776 erkllirt
685 3722 740 3775 (lic.
759 3721 788 3774 in
805 3721 930 3776 Verrii
948 3725 989 3782 63,
1010 3726 1059 3775 154
1077 3721 1140 3776 dass
1158 3723 1208 3777 das

66 3785 132 3844 Wort
150 3791 244 3864 σωτήρ
261 3791 315 3845 mit
331 3791 420 3846 einem
436 3791 484 3846 lat.
495 3789 591 3844 Worte
608 3790 685 3844 nieht
702 3791 839 3844 iibersetat
856 3790 961 3845 werden
973 3790 1063 3846 kdnne
1074 3791 1131 3845 und
1143 3791 1208 3862 fiigt

66 3851 148 3913 hinnu:
167 3860 191 3914 is
210 3863 252 3914 est
270 3859 400 3914 nimirum
419 3860 512 3936 σωτήρ
532 3860 580 3929 qni
598 3859 713 3938 salutem
731 3858 815 3938 dedit.
858 3859 1075 3983 Hospitalem
1094 3857 1208 3921 Ξένιον.

66 3941 112 3978 nec
129 3928 294 3983 iustitiae
311 3929 403 3983 ullns
421 3937 510 3982 esset
533 3946 595 3982 nec
616 3927 771 3981 bonitati
794 3927 896 3982 locus.
958 3928 1135 4000 erecbtiglreit
1152 3928 1209 3984 und

65 3990 269 4052 lieneebenliebe
285 3996 392 4052 werden
418 3997 458 4052 als
484 3997 636 4068 diejenigen
663 3995 810 4066 Tugenden
838 3995 1010 4061 bezeichnet‚
1039 3998 1137 4053 welche
1166 3998 1209 4052 die

66 4065 233 4120 menschliche
250 4065 429 4120 Gesellscbaft
446 4064 705 4120 zusammenhalten.
740 4065 797 4118 Fiir
815 4062 924 4120 bonitas
948 4070 1011 4136 scgt
1035 4066 1090 4122 Cic.
1113 4067 1146 4121 de
1163 4065 1208 4119 off.

66 4127 76 4179 Ι
91 4135 112 4254 ᾖ,
130 4133 361 4255 201beneficentia
380 4153 462 4205 quam
480 4133 592 4190 eandem
609 4133 651 4186 vel
669 4132 867 4201 benignitatem
890 4135 931 4189 vel
955 4135 1145 4189 liberalitatem
1163 4153 1207 4204 ap·

83 4202 149 4255 cari
176 4203 235 4256 icet

67 4214 80 4266 p
123 4269 169 4324 67.
204 4271 264 4326 Sed
282 4290 344 4341 quo
362 4271 456 4326 modo
475 4274 524 4325 etc.
543 4270 622 4340 Diog.
640 4269 733 4324 Laert.
751 4269 806 4323 VII
825 4275 873 4325 129
891 4269 951 4325 Ἔτι
971 4269 1088 4344 ἀρέσκει
1108 4269 1207 4335 αὐτοῖς

938 4356 994 4409 11*
