2942 4950
223 329 285 392 222
460 324 511 379 DE
529 321 681 378 FINJBUS
699 321 884 378 Bouoauu
901 321 949 376 ΕΤ
966 319 1156 376 ultorium

222 498 413 581 frequenter
444 496 605 574 audieris,
648 495 789 559 maxime
820 493 993 578 probatam
1026 493 1190 558 existimo.
1245 488 1295 554 Sic
1327 496 1387 552 est

223 601 326 685 igitur
348 599 493 664 locutus.

309 700 373 764 IV.
414 699 457 784 (9)
490 699 643 764 Quantus
676 703 811 761 ornatus
834 696 869 760 in
891 695 1189 780 Peripateticorum
1211 692 1388 777 disciplina

224 803 282 882 sit,
303 801 384 867 satis
402 808 454 866 est
477 824 496 866 a
518 823 582 880 me,
606 805 645 865 ut
667 799 861 864 brevissime
884 799 1005 885 potuit,
1030 799 1129 884 paulo
1145 803 1221 863 ante
1238 797 1385 872 dictum;

223 905 283 970 sed
305 911 357 968 est
379 903 485 968 forma
508 903 578 965 eius
602 901 807 985 disciplinae,
832 901 920 966 sicut
943 900 1012 965 fere
1029 908 1224 980 ceterarum,
1247 899 1384 981 triplex.

223 1007 298 1072 Una
328 1029 404 1092 pars
437 1013 488 1069 est
524 1011 680 1082 naturae,
723 1003 907 1068 disserendi
944 1005 1066 1083 altera,
1108 1002 1243 1068 vivendi
1272 1000 1385 1066 tertia.

222 1111 353 1176 Natura
375 1109 422 1172 sic
446 1106 550 1174 abiis
573 1106 776 1191 investigata
799 1114 862 1186 est,
887 1114 926 1170 61
948 1108 1040 1171 66116
1062 1129 1138 1192 pars
1162 1106 1266 1184 eaelo,
1290 1105 1387 1181 mari,

222 1219 322 1290 terra,
346 1218 384 1273 ut
407 1207 536 1294 poetice
563 1210 690 1292 loquar,
715 1209 948 1294 praetermissa
964 1209 1019 1273 sit.
1068 1206 1285 1286 Quinetiam,
1309 1229 1389 1270 oum

224 1313 264 1378 de
295 1332 405 1376 rerum
436 1309 540 1373 initiis
573 1309 726 1393 omnique
758 1310 882 1374 mundo
913 1309 1020 1374 locuti
1050 1311 1177 1396 essentj,
1212 1315 1252 1374 ut
1281 1308 1390 1372 multa

223 1438 290 1479 non
313 1412 411 1476 mode
440 1412 606 1498 probabili
637 1412 946 1497 argumentatione,
981 1413 1040 1476 scd
1072 1413 1173 1476 etiam
1204 1410 1390 1476 neccssaria

225 1513 534 1580 mathematicorum
561 1514 687 1578 ratione
718 1515 974 1594 concluderent,
1008 1513 1185 1578 maximam
1217 1512 1390 1578 materiam

225 1641 266 1683 ex
287 1617 386 1694 rebus
408 1639 467 1702 per
482 1639 518 1682 se
534 1617 743 1702 investigatis
760 1618 927 1682 adrerum
942 1617 1146 1682 occultarum
1163 1616 1388 1700 cognitionem

225 1722 422 1786 attulerunt.
469 1718 532 1804 (10)
555 1721 756 1786 Persecutus
781 1727 833 1784 est
855 1721 1057 1786 Aristoteles
1080 1719 1297 1784 animantium
1320 1741 1387 1782 om-

226 1825 317 1888 nium
340 1829 448 1900 ortus,
481 1822 607 1902 victus,
641 1823 781 1907 figuras,
800 1823 1065 1908 ¹Theophrastus
1090 1830 1211 1888 autem
1239 1821 1389 1905 stirpium

226 1933 361 1992 naturas
385 1924 595 2009 omniumque
618 1925 687 1990 fere
716 1947 841 2004 rerum,
875 1946 958 2009 quae
991 1947 1007 1989 e
1039 1933 1128 1990 terra
1159 1923 1386 2010 gignerentur,

227 2052 342 2095 causas
365 2035 465 2114 atque
488 2028 654 2108 rationes,
689 2051 753 2112 qua
786 2051 826 2092 ex
859 2029 1050 2112 cognitione
1073 2027 1203 2092 facilior
1225 2026 1315 2092 facta
1337 2031 1388 2090 est

225 2131 441 2215 investigatio
464 2152 573 2195 rerum
596 2130 907 2196 occultissimarum
938 2130 1197 2214 Disserendique
1214 2130 1255 2195 ab
1271 2129 1388 2193 iisdem

227 2259 294 2302 non
325 2233 498 2300 dialectice
531 2235 654 2314 solum,
689 2234 747 2298 sed
780 2234 881 2300 etiam
912 2234 1070 2311 oratorie,
1104 2239 1280 2319 praecepta
1312 2239 1390 2298 sunt

227 2339 362 2417 tradita,
386 2338 427 2401 ab
444 2337 693 2421 Aristoteleque
709 2338 856 2423 principe
873 2338 913 2402 de
930 2337 1071 2422 singulis
1086 2336 1185 2401 rebus
1207 2337 1243 2400 in
1264 2342 1389 2400 utram·

229 2463 291 2526 que
314 2445 444 2524 partem
466 2438 598 2503 dicendi
621 2440 814 2504 exercitatio
839 2447 891 2504 est
913 2440 1084 2520 instituta,
1116 2445 1155 2504 ut
1185 2462 1251 2504 non
1276 2445 1393 2531 contra

229 2542 339 2606 omnia
361 2561 506 2622 semper,
532 2541 617 2604 sicut
640 2542 823 2620 Arcesilas,
849 2542 990 2621 diceret,
1015 2546 1183 2608 ettamen
1204 2547 1243 2604 ut
1265 2541 1299 2604 in
1324 2563 1392 2604 om·

228 2712 378 2782 Philosoph
396 2729 431 2764 zu
447 2711 549 2774 Athen,
567 2729 608 2765 wo
627 2711 676 2765 ihu
693 2713 732 2766 Μ.
750 2711 855 2767 Brutus
873 2713 961 2768 htrte.
979 2712 1111 2767 Plutarch
1129 2715 1215 2766 nennt
1232 2712 1280 2766 ihu
1299 2711 1392 2776 (Brut.

229 2801 251 2834 6.
271 2783 298 2847 2)
317 2781 363 2834 (166
382 2780 487 2834 Β66166
507 2783 591 2850 φίλος
609 2785 658 2834 καὶ
677 2779 848 2853 συμβιωτής.
879 2781 941 2850 Vgl.
960 2781 1015 2836 Cic.
1034 2780 1113 2836 Brut.
1132 2785 1173 2845 oi,
1192 2784 1243 2834 332
1261 2778 1329 2850 quid
1349 2779 1393 2834 illa

229 2853 307 2904 vetus
325 2847 474 2907 Academia
493 2852 575 2917 atque
593 2848 651 2902 eius
668 2849 745 2903 heres
763 2850 883 2914 Aristus,
901 2850 999 2920 hospes
1017 2854 1045 2905 et
1063 2849 1206 2905 familiaris
1224 2853 1319 2904 meus?

559 3003 597 3070 11.
627 3002 825 3089 Einleitungi
870 3005 944 3090 cap.
969 2965 1062 3071 i-s.

298 3137 356 3192 Das
373 3135 446 3191 Lchr
467 3136 569 3192 ebenus
588 3137 635 3194 der
652 3139 851 3210 Peripatetilrer
868 3140 975 3195 zcrfallt
992 3141 1021 3194 in
1039 3144 1055 3193 3
1074 3140 1178 3195 Theile:
1196 3138 1308 3210 Physik,
1329 3138 1394 3193 Dia·

229 3205 313 3262 leotik
329 3204 387 3260 und
405 3155 515 3288 Erilli..
536 3206 614 3288 (Cap.
632 3209 669 3274 4.)
732 3276 738 3288 ι
899 3276 931 3289 ..

299 3275 331 3329 9.
366 3275 623 3330 utbrevissims
664 3276 941 3332 oturtntml.drcr.
1017 3275 1151 3331 Natura
1169 3279 1220 3330 stc.
1249 3275 1305 3328 Der
1321 3279 1395 3330 erate

230 3295 820 3424 66611666661661661661661666666616,
839 3345 882 3400 die
900 3344 1013 3426 Physilr.
1049 3345 1157 3408 caelo,
1176 3345 1273 3425 mari,
1291 3346 1394 3398 terra.

230 3414 322 3468 Salten
339 3416 410 3468 aetat
428 3413 482 3467 Cic.
502 3412 554 3467 den
571 3412 678 3467 blossen
694 3412 757 3467 Abl.
776 3414 822 3468 der
839 3413 1072 3468 Ortsbestrmmun
1109 3431 1203 3468 ausser
1220 3432 1249 3466 1n
1276 3412 1321 3467 der
1351 3412 1395 3467 he-

232 3483 373 3536 stimmten
391 3481 532 3535 Verbindu
589 3485 661 3535 terra
679 3481 809 3550 marique.
846 3483 878 3537 de
896 3486 953 3537 nat.
972 3481 1043 3538 deor.
1095 3486 1188 3545 3661
1217 3485 1284 3536 sunt
1304 3482 1396 3537 multa

231 3568 302 3621 quae
319 3554 402 3616 terra,
421 3549 499 3614 mari,
537 3549 671 3613 audibns,
690 3550 849 3605 fluminibus
868 3551 1010 3606 exsistunt.
1029 3551 1159 3622 Dagagen
1171 3550 1257 3606 findet
1274 3549 1332 3604 sich
1353 3551 1397 3605 bei

231 3623 357 3691 sp'a'teren
376 3569 589 3672 Schriftstellern
603 3617 667 3686 jans
684 3618 830 3690 Wsndung
849 3620 902 3674 mit
918 3619 1090 3690 Auslassung
1117 3619 1164 3674 der
1181 3619 1294 3690 Priipos.
1313 3618 1396 3682 dfter,

79 3761 81 3768 Ι
114 3693 115 3698 ’
232 3707 262 3742 66
280 3687 324 3742 bei
341 3686 418 3741 Ourt.
436 3687 477 3740 IV
497 3690 555 3750 7,ss
582 3690 657 3742 terra
675 3687 800 3758 caeloque
818 3707 951 3758 aquarum
968 3689 1081 3812 penuria
1100 3692 1149 3744 est.
1186 3687 1250 3743 Sall.
1267 3687 1330 3758 Jug.
1354 3692 1395 3753 17,

232 3762 247 3809 5
267 3755 338 3810 66616
357 3759 483 3826 terraque
500 3754 613 3834 penuria
631 3774 772 3825 aquarum·
796 3757 870 3833 ‘'lac.
889 3758 954 3812 hist.
1006 3763 1030 3819 3,
1049 3762 1065 3811 3
1084 3758 1156 3814 caelo
1182 3761 1308 3837 terraque
1332 3774 1396 3826 pro·

232 3824 316 3895 digia.
420 3824 616 3878 necessaria
633 3825 958 3881 mathematicorum
976 3825 1110 3882 ratione
1146 3825 1207 3880 ‘mit
1224 3825 1397 3895 zwingender

233 3891 473 3946 mathematischer
490 3889 686 3963 Berechnung'.
718 3893 751 3948 ds
768 3892 871 3950 invent.
890 3895 964 3958 129,
982 3899 1017 3948 44
1034 3895 1123 3950 omnis
1142 3898 1234 3950 autem
1252 3911 1396 3964 argumen-

233 3960 304 4014 tatio
325 3989 354 3999 -
375 3964 424 4014 aut
442 3961 591 4031 probabilis
610 3967 659 4016 aut
678 3963 827 4018 necessaria
845 3962 956 4018 debebit
974 3981 1038 4018 esse.

303 4028 353 4083 10.
390 4027 649 4110 Theophrastus
667 4049 689 4084 s.
707 4050 742 4084 zu
759 4031 774 4085 I
792 4035 817 4092 2,
835 4036 859 4086 6.
947 4032 1163 4125 omniumque
1182 4031 1394 4110 foratarum,

234 4100 511 4248 lucretiae}
543 4099 1395 4241 'litteratitriglitisiteritatis?tt

233 4235 378 4359 Dialeptilr.
425 4238 458 4290 et
468 4241 589 4359 ltprlnep
606 4245 643 4291 ut
662 4267 693 4276 —-
714 4242 933 4307 expromeret:
953 4242 986 4292 ut
1004 4237 1078 4292 steht
1094 4237 1286 4308 pleonastisch.
1333 4236 1394 4290 Ar·

234 4322 452 4360 sacrasszu
533 4344 584 4368 ,.
1040 4327 1041 4332 ¹
1153 4320 1157 4326 ·
