3020 4948
214 332 276 397 104
453 329 504 384 DE
521 327 673 384 FINIBUS
691 325 875 383 BONORUM
892 325 940 380 ΕΤ
957 323 1147 380 MALORUM

213 523 342 566 summo
365 501 453 566 bono
477 501 591 564 afferre
614 499 855 563 incrementum
878 497 980 562 diem:
1007 494 1062 581 qui
1085 502 1196 561 autem
1211 495 1300 560 effici
1314 519 1380 560 vo·

213 605 343 688 luptate
367 603 500 667 beatam
522 602 623 666 vitam
647 600 800 686 putabit,
830 600 887 684 qui
910 599 974 663 sibi
996 599 1024 663 is
1049 598 1240 678 conveniet,
1266 598 1294 662 si
1316 621 1379 663 ne-

213 705 308 790 gabit
328 705 537 790 voluptatem
561 723 708 768 crescere
731 700 1000 786 longinquitate?
1029 700 1142 784 Igitur
1164 721 1206 764 ne
1225 700 1375 764 dolorem

214 807 357 893 quidem.
389 809 445 872 An
468 807 562 871 dolor
584 804 797 890 longissimus
821 804 960 888 quisque
982 803 1195 882 miserrimus,
1219 803 1374 888 volupta-

212 919 281 975 tem
304 933 371 974 non
394 907 626 994 optabiliorem
650 906 850 972 diuturnitas
874 905 975 974 facit?
1003 905 1093 972 Quid
1116 910 1168 970 999
1189 905 1294 989 igitur
1315 925 1378 970 cur

213 1012 261 1077 ita
283 1033 413 1098 semper
444 1011 543 1074 deum
574 1010 721 1096 appellet
748 1008 911 1094 Epicurus
943 999 1080 1073 beatum
1115 1015 1151 1072 et
1182 1007 1379 1072 aeternum?

212 1115 357 1200 Dempta
389 1113 476 1178 enim
499 1113 696 1177 aeternitate
719 1112 824 1177 nihilo
847 1111 977 1176 beatior
999 1111 1151 1196 Iuppiter
1173 1133 1270 1195 quam
1293 1109 1375 1193 Epi-

214 1239 326 1295 curus5
351 1223 491 1301 uterque
514 1216 603 1280 enim
625 1237 753 1279 summo
776 1215 864 1279 bono
888 1213 1028 1293 fruitur,
1052 1213 1087 1278 id
1110 1220 1165 1278 cst
1184 1214 1379 1298 voluptate.

214 1324 274 1385 ‘At
298 1318 384 1384 euim
407 1317 462 1382 hio
486 1318 586 1383 etiam
610 1319 749 1383 dolore)
794 1322 843 1382 At
866 1338 941 1382 eum
964 1316 1061 1381 nihili
1083 1316 1181 1393 facit3
1215 1315 1262 1405 ait
1286 1316 1377 1380 enim

213 1444 258 1502 se,
285 1422 313 1486 si
334 1427 460 1500 uratur,
487 1429 597 1507 ‘quam
619 1423 684 1486 hoc
708 1441 807 1486 suave
818 1421 838 1486 1’
862 1421 1042 1485 dicturum.
1089 1420 1155 1504 (89)
1180 1419 1254 1484 Qua
1270 1418 1382 1503 igitur

212 1547 246 1590 re
271 1525 311 1590 ab
336 1525 397 1588 deo
421 1523 576 1604 vincitur,
602 1525 629 1587 si
653 1524 850 1589 aeternitate
873 1547 940 1588 999
956 1523 1119 1588 vincitur?
1143 1523 1184 1587 In
1208 1543 1271 1608 qua
1294 1521 1381 1606 quid⁵

213 1634 265 1693 est
287 1625 366 1692 boni
389 1634 519 1712 praeter
542 1649 701 1690 summam
725 1628 933 1711 voluptatem
957 1632 991 1690 et
1014 1648 1086 1691 eam
1118 1625 1375 1711 sempiternam?

213 1730 303 1796 Quid
326 1751 404 1814 ergo
428 1729 550 1794 attinet
579 1726 723 1814 gloriose
755 1729 866 1813 loqui,
899 1729 964 1793 nisi
995 1735 1187 1794 constanter
1217 1729 1377 1811 loquare?

212 1834 253 1898 In
269 1833 443 1917 voluptate
468 1832 613 1932 corporis
640 1871 672 1880 -
699 1831 830 1910 addam,
854 1832 883 1894 91
904 1832 967 1910 vis,
991 1831 1102 1910 animi,
1127 1831 1205 1895 dum
1229 1850 1267 1894 ea
1288 1828 1377 1913 ipsa,

212 1945 251 1999 ut
273 1935 388 2014 vultis,
413 1935 458 1998 sit
482 1955 522 2000 ex
546 1955 681 2019 corpore
705 1971 746 1982 -
770 1934 871 1998 situm
894 1939 946 1998 est
968 1933 1079 1999 vivere
1106 1935 1215 1998 beate.
1262 1932 1377 2000 Quid?

212 2040 312 2103 istam
335 2039 545 2122 voluptatem
568 2045 764 2122 perpetuam
787 2037 860 2122 quis
884 2044 998 2121 potest
1020 2044 1188 2121 praestare
1211 2035 1381 2122 sapienti?

212 2261 307 2324 meint,
326 2260 424 2341 welche
442 2257 527 2315 durch
546 2259 589 2314 die
607 2259 780 2341 Vollsndung
798 2259 844 2314 der
862 2259 999 2341 isernunft
1023 2258 1162 2339 entsteht
1188 2259 1268 2313 Dsnn
1284 2275 1382 2328 ganan

212 2347 281 2452 tt?
283 2328 614 2453 99919991(
630 2327 980 2461 tattllhlttttt
981 2327 1037 2450 tt
1057 2325 1382 2451 ttttthhttlttt

212 2465 385 2537 Vollendung
403 2465 450 2521 dar
467 2465 559 2520 Natur
576 2466 633 2520 und
652 2415 846 2520 darVemundt
863 2469 1020 2532 (τελείωσις
1038 2463 1118 2535 Diog.
1136 2465 1228 2520 Laert.
1245 2465 1301 2519 VH
1319 2467 1377 2530 90).

212 2535 339 2589 afferre
356 2536 606 2589 incrementum
625 2553 646 2588 9.
665 2552 699 2588 99
716 2535 731 2587 I
751 2540 790 2598 11,
809 2539 850 2589 31.
937 2535 1056 2605 igitur
1074 2552 1111 2588 99
1129 2533 1280 2589 dolorum
1298 2533 1377 2603 qui·

212 2602 283 2658 dem
301 2602 383 2657 ntml.
402 2603 475 2658 11999
494 2621 609 2658 crescere
626 2602 672 2657 lon
693 2603 839 2673 inquitate,
863 2603 949 2658 wobei
967 2603 1039 2657 diost
1057 2621 1105 2657 ans
1124 2603 1237 2674 negabit
1259 2622 1294 2656 zu
1314 2606 1378 2655 ent·

211 2672 326 2727 nahmen
344 2673 382 2726 ist
400 2674 432 2738 (9.
451 2689 485 2725 99
503 2672 518 2726 Ι
536 2676 559 2735 9,
579 2674 633 2738 31).
701 2691 737 2725 an
755 2676 880 2727 erwartet
898 2675 968 2726 statt
987 2671 1176 2726 1991999991
1197 2672 1253 2725 'tur
1276 2687 1308 2726 99
1324 2669 1373 2724 do·

212 2741 253 2796 lor
271 2740 380 2810 quidem
399 2740 525 2805 (crescit),
544 2739 607 2794 aber
626 2741 655 2794 in
678 2740 787 2795 9919999
804 2741 1116 2811 Vergleichungssdtzen
1138 2741 1176 2794 fin
1196 2744 1225 2795 et
1246 2738 1374 2810 gewdhn·

211 2809 265 2864 lioh
283 2809 343 2864 eine
360 2809 520 2864 Attraction
537 2812 617 2863 99999.
653 2810 678 2863 V
696 2813 738 2873 32,
757 2813 799 2864 96.
835 2808 868 2864 19
885 2815 942 2863 nat.
961 2809 1034 2864 deor.
1053 2811 1067 2863 1
1086 2813 1127 2873 29,
1146 2813 1179 2862 83
1197 2809 1270 2875 Quid
1288 2807 1380 2878 igitur

213 2884 325 2934 censes?
342 2877 425 2949 Apim
443 2878 520 2931 illum
540 2907 569 2917 -
590 2895 679 2932 nonne
698 2877 779 2933 deum
796 2877 882 2933 videri
899 2879 939 2933 Aa
995 2878 1061 2934 tiis?
1090 2878 1159 2932 Tam
1176 2878 1271 2942 hercle,
1286 2895 1377 3000 purim

213 2947 265 3001 tibi
291 2945 366 3001 illam
393 2950 512 3001 vestram
531 2946 670 3016 Sospitam
687 2949 722 3001 99.
741 2965 823 3016 quam
850 2947 903 3001 tibi
933 2948 939 2959 '
1005 2949 1095 3002 999999
1122 2947 1171 3001 Sos
1191 2946 1232 3000 ita
1257 2945 1378 3000 919999.

212 3015 423 3070 miserrimus
442 3015 524 3069 ntml.
544 3019 594 3070 est.
667 3015 718 3069 ita
736 3015 787 3070 hat
803 3014 1137 3071 madal-demonstrativas
1197 3018 1315 3070 macter:
1333 3015 1379 3070 its

211 3088 244 3138 ut
263 3084 339 3139 lacit.
427 3102 554 3155 semper
572 3084 671 3154 gehdrt
688 3103 722 3139 au
739 3083 859 3139 beatum.
958 3085 1014 3140 919
1032 3085 1137 3139 stiam
1155 3083 1272 3138 dolore
1290 3085 1377 3138 nitml.

212 3153 327 3224 capitur,
345 3153 417 3208 donn
434 3169 499 3206 man
517 3157 580 3223 sagt
597 3153 676 3208 nicht
694 3151 784 3208 dolore
802 3154 865 3208 frui.
889 3155 1019 3224 Dagegen
1036 3155 1074 3208 ist
1092 3153 1140 3207 der
1157 3153 1252 3208 beiden
1270 3153 1382 3224 (tegen-

212 3225 305 3277 sittzen
325 3223 461 3292 (voluptas
481 3251 509 3262 -
530 3221 618 3290 dolor)
641 3241 674 3276 an
697 3221 808 3278 Grunde
831 3223 952 3294 liegende
974 3223 1156 3294 gemeinsame
1179 3222 1285 3292 Bcgriff
1305 3226 1379 3276 99999

211 3290 1111 3415 1111191191111111111“1111111919111οΜ9“
1145 3291 1280 3414 {titani}
1293 3309 1377 3414 stt

212 3429 236 3482 si
255 3429 314 3491 erit,
333 3429 405 3483 dicet
423 3401 593 3499 (Epicurush
624 3401 715 3498 ‘qudm
733 3447 816 3483 99999
834 3433 888 3484 est!
907 3381 990 3499 qdam
1008 3429 1132 3484 huonon
1150 3431 1237 3484 curol’
1273 3429 1377 3483 Seneca

212 3516 251 3567 ep.
269 3498 325 3551 VH
343 3503 368 3561 4,
388 3499 419 3550 18
438 3498 572 3568 Epicurus
590 3515 698 3568 quoque
716 3498 756 3552 ait
773 3497 938 3568 sapientem,
957 3498 981 3552 si
998 3498 1027 3552 in
1045 3497 1199 3552 Phalaridis
1217 3501 1298 3552 tauro
1314 3513 1374 3568 por·

210 3569 315 3631 uratur,
334 3566 560 3621 exclamatumm:
593 3566 679 3621 ‘dulos
697 3569 739 3620 999
756 3571 784 3620 99
802 3567 836 3620 ad
855 3585 897 3621 me
915 3567 954 3620 nil
971 3566 1106 3638 pertinet'.
1142 3566 1223 3637 Diog.
1236 3567 1328 3620 Laert
1346 3565 1378 3618 X

215 3640 263 3688 118
277 3654 307 3689 sa
328 3638 405 3688 tnur
423 3634 475 3689 919
490 3635 662 3710 στρεβλωθῇ
682 3635 705 3690 d’
722 3636 737 3691 ὁ
752 3636 854 3707 σοφός,
875 3631 950 3692 stant
970 3635 1057 3692 αὐτὸν
1077 3635 1160 3692 addat
1183 3657 1246 3692 999.
1258 3635 1374 3690 -Ρ99-

211 3703 284 3783 laris,
303 3653 413 3784 dyrann
431 3721 485 3757 ron
501 3694 707 3785 Agrigent‘auf
721 3704 843 3768 8191999,
862 3709 998 3785 soa-545
1015 3723 1041 3759 9.
1059 3657 1237 3786 0999119999
1254 3704 1375 3785 99919·

211 3771 288 3824 nllus
306 3790 386 3828 emen
403 3771 518 3826 9999999
536 3773 608 3828 8999
625 3773 739 3828 macheu
757 3773 858 3836 lassen,
881 3792 910 3827 ι9
933 3773 1058 3828 walchem
1077 3792 1105 3828 er
1123 3773 1166 3829 dne
1184 3773 1266 3844 Opfsr
1284 3790 1378 3829 semer

212 3839 405 3895 Grausamkeit
422 3840 587 3895 verbrennen
604 3841 675 3896 11999.

281 3907 332 3962 88.
350 3909 388 3963 In
407 3927 469 3978 qua
510 3909 567 3963 uid
586 3914 637 3964 est
654 3909 734 3964 boni
752 3914 801 3964 eto.
821 3911 917 3964 Zuerst
935 3929 947 3964 s
984 3915 997 3965 t
1015 3911 1078 3976 cta,
1097 3910 1141 3965 119
1158 3910 1286 3966 (19999919
1303 3909 1380 3964 9999-

211 3977 379 4058 999991999
397 3979 475 4058 einen
493 3979 496 3984 '
519 3997 609 4102 orzug¹
621 3978 707 4033 durch
725 3977 769 4033 dic
786 3979 930 4050 Ewigkeit.
994 3999 1032 4035 nn
1050 3979 1122 4050 zsigt
1141 3997 1176 4044 er,
1196 3979 1306 4033 199919
1324 3978 1378 4034 der

211 4046 347 4116 Emgkat
365 4047 428 4100 hem
446 4045 557 4101 anderes
610 4050 642 4101 ut
669 4047 725 4111 991,
752 4047 791 4102 919
819 4047 862 4102 119
888 4048 1003 4104 91199999
1029 4048 1086 4104 und
1112 4067 1183 4104 zwar
1206 4047 1249 4102 die
1275 4048 1379 4102 immor

213 4114 350 4170 dauernde
361 4116 445 4180 Lust;
463 4115 527 4171 aber
539 4115 582 4169 die
594 4116 730 4186 Ewiglreit
742 4117 835 4172 ffihrte
853 4117 931 4172 nieht
948 4117 1074 4172 (1199999
1093 4116 1177 4172 999199
1193 4115 1294 4180 999991,
1313 4135 1374 4170 999-

213 4184 278 4238 darn
296 4201 348 4240 nur
366 4184 524 4238 1191999999
548 4184 692 4240 91999919
714 4185 806 4240 Dauer
827 4186 972 4241 denselben.
1008 4186 1063 4241 019.
1087 4187 1190 4241 999999
1213 4185 1272 4240 9199
1294 4184 1376 4239 91999

213 4252 310 4308 991999
328 4253 506 4315 9991999999,
526 4253 560 4307 da
579 4253 628 4307 das
645 4253 725 4308 Wort
744 4255 945 4326 sempiternitas
964 4255 1041 4310 91999
1059 4256 1187 4310 existiert.
1222 4254 1284 4324 Vgl.
1304 4257 1378 4320 198,

212 4339 252 4377 wo
271 4341 299 4378 er
317 4322 369 4378 den
386 4322 500 4377 Worton
518 4322 547 4376 in
565 4321 699 4378 brevitate
717 4325 847 4394 temporis
865 4343 914 4379 aus
938 4324 1090 4379 demselben
1108 4323 1220 4380 Grunde
1243 4341 1326 4392 qnam
1349 4322 1377 4378 si
