2942 4950
365 326 428 382 un.
445 325 494 380 1v.
529 325 595 380 cn.
613 325 741 380 ΙΙΙ-Ν.
777 328 806 392 §5
825 329 900 381 r-e.
1150 327 1210 393 175

64 496 184 582 gustis,
220 495 337 580 quibus
375 495 473 560 etiam
506 495 563 579 qui
592 496 818 560 assentiuntur
849 496 933 561 nihil
965 502 1211 562 commntantur

64 600 163 664 animo
187 607 224 664 et
247 599 345 663 iidem
369 599 492 663 abeunt
515 597 571 682 qui
592 604 766 664 venerant:
805 621 857 664 res
881 599 968 664 enim
990 599 1132 666 fortasse
1154 623 1210 665 ve·

63 725 128 782 rae,
159 701 250 768 certe
272 723 405 787 graves,
438 723 505 766 non
528 701 573 765 ita
595 708 801 782 tractantur,
833 707 872 766 nt
895 703 1037 781 debent,
1070 703 1129 768 sed
1151 703 1210 767 ali-

65 810 179 890 quanto
203 803 376 868 minutius.
401 803 464 868 IV.
489 802 532 887 (8)
557 803 713 886 Sequitur
735 803 919 870 disserendi
939 803 1022 869 ratio
1047 803 1210 888 cognitio-

64 929 118 991 que
138 914 279 972 naturae
286 930 296 984 3
320 929 397 972 nam
421 906 461 971 dc
485 907 722 972 summobono
745 929 833 987 mox,
857 914 896 971 nt
918 907 1001 986 dixi,
1025 907 1210 972 videbimus

66 1010 152 1074 etad
174 1005 209 1074 id
235 1009 468 1093 explicandum
492 1008 752 1094 disputationem
775 1031 905 1075 omnem
928 1009 1144 1076 conferemus.
1168 1010 1210 1074 In

63 1112 97 1175 iis
116 1113 220 1198 igitur
243 1111 393 1196 partibus
418 1112 546 1176 duabus
569 1113 653 1176 nihil
677 1119 747 1177 erat
770 1113 858 1198 quod
888 1114 977 1178 Zeno
1009 1119 1210 1178 commutare

65 1216 193 1298 gestiret
200 1239 209 1292 ς
236 1237 289 1281 res
314 1214 459 1280 enimse
482 1216 646 1300 praeclare
669 1215 827 1296 habebat,
852 1223 886 1280 et
910 1215 1042 1301 quidem
1063 1215 1098 1280 in
1119 1221 1209 1279 utra-

65 1337 117 1398 que
137 1323 246 1402 parte.
294 1315 384 1381 Quid
407 1315 495 1381 enim
516 1317 558 1382 ab
582 1317 726 1402 antiquis
750 1339 791 1382 ex
815 1339 852 1382 eo
876 1339 1015 1402 genere,
1050 1317 1137 1402 quod
1158 1317 1210 1403 {ad

65 1416 284 1483 disserendum
306 1417 417 1497 valet,
449 1419 719 1501 praetermissum
750 1425 823 1487 est?
860 1420 917 1504 qui
948 1425 982 1484 et
1013 1419 1211 1484 definierunt

65 1519 191 1600 plurima
215 1524 253 1584 ct
275 1518 454 1584 deliniendi
476 1527 564 1585 artes
586 1521 811 1604 reliquerunt,
845 1522 997 1606 quodque
1021 1528 1073 1586 ost
1096 1521 1210 1587 defini·

65 1622 136 1686 tioni
156 1623 363 1703 adiunctum,
388 1630 426 1687 ut
448 1645 501 1688 res
524 1623 558 1688 in
580 1632 691 1709 partes
715 1625 891 1705 dividatur,
915 1625 950 1690 id
974 1632 1008 1690 et
1031 1626 1071 1690 lit
1086 1625 1127 1690 ab
1144 1625 1210 1689 illis

67 1732 96 1788 et
115 1749 206 1810 quem
229 1726 275 1792 ad
297 1727 432 1792 modum
454 1727 527 1792 ficri
549 1735 702 1812 oporteat
724 1730 881 1794 traditur:
914 1728 994 1793 item
1018 1729 1059 1793 de
1082 1733 1211 1794 contra·

68 1826 125 1906 riis,
146 1851 162 1893 a
184 1830 310 1914 quibus
333 1830 375 1894 ad
398 1852 520 1914 genera
541 1830 730 1916 formasque
753 1853 911 1916 generum
934 1839 1106 1898 venerunt.
1138 1831 1211 1895 Iam

68 1933 241 2013 argumenti
265 1931 394 1998 ratione
418 1933 566 1998 conclusi
589 1943 689 2019 caput
712 1957 784 1999 esse
806 1935 934 2000 faciunt
957 1957 1007 2009 ca,
1032 1955 1115 2019 quae
1137 1955 1210 2018 per·

67 2030 164 2113 spicua
186 2034 326 2113 dicunt,
351 2034 471 2099 deinde
495 2034 644 2100 ordinem
666 2044 870 2120 sequuntur,
899 2043 972 2100 tum
996 2035 1075 2120 quid
1096 2056 1210 2099 verum

67 2129 154 2198 sitin
175 2134 320 2220 singulis
344 2143 491 2200 extrema
515 2136 682 2200 conclusio
706 2143 769 2201 est.
817 2137 860 2222 (9)
884 2137 1018 2202 Quanta
1041 2141 1153 2201 autem
1168 2134 1209 2199 ab

66 2229 120 2295 illis
141 2237 287 2301 varietas
310 2243 582 2321 argumentorum
603 2237 731 2302 ratione
748 2237 1017 2303 concludentium
1033 2257 1209 2320 eorumque

69 2353 128 2398 cum
150 2339 310 2424 captiosis
333 2338 649 2423 interrogationibus
681 2341 932 2406 dissimilitudo!
981 2340 1090 2419 Quid,
1124 2338 1212 2424 quod

67 2435 202 2516 pluribus
225 2441 312 2506 locis
336 2442 429 2526 quasi
445 2441 654 2520 denuntiant,
678 2450 717 2506 ut
732 2465 839 2528 neque
855 2465 1010 2509 sensuum
1026 2443 1127 2508 fidem
1141 2443 1211 2506 sine

67 2540 178 2608 ratione
201 2565 266 2610 nec
288 2543 426 2609 rationis
446 2545 516 2609 sine
535 2546 686 2611 sensibus
703 2547 911 2631 exquiramus
930 2554 1029 2631 atque
1045 2553 1084 2611 ut
1100 2568 1212 2610 eorum

68 2639 194 2710 alterum
216 2647 261 2712 ab
285 2647 390 2712 altero
414 2670 452 2711 ce
475 2654 685 2732 separemus?
731 2649 841 2744 Quid?
865 2671 913 2729 ea,
939 2672 1022 2734 quae
1045 2647 1212 2714 dialectici
1291 2729 1292 2736 ἵ

67 2763 140 2810 nunc
183 2749 324 2815 tradunt
362 2755 396 2814 ct
434 2751 573 2832 docent,
607 2774 716 2817 nonne
754 2754 794 2817 ab
827 2753 895 2817 illis
927 2752 1083 2818 instituta
1113 2753 1210 2817 sunt?

67 2843 110 2909 Dc
131 2853 248 2934 quibus
273 2853 337 2918 etsi
360 2877 379 2918 a
402 2853 588 2938 Chrysippo
612 2856 754 2920 maxime
777 2864 830 2920 est
854 2856 1077 2936 elaboratum,
1099 2860 1211 2920 tamen

68 2950 225 3022 aZenone
250 2955 358 3021 minus
386 2955 493 3022 multo
527 2980 625 3042 quam
657 2959 697 3023 ab
732 2958 890 3043 antiquis:
930 2960 971 3022 ab
1004 2961 1067 3024 hoc
1099 2965 1211 3023 autem

69 3055 214 3129 quaedam
229 3081 299 3123 non
314 3059 432 3123 melius
456 3082 553 3144 quam
577 3067 717 3140 veteres,
742 3061 903 3145 quaedam
927 3061 1058 3126 omnino
1081 3061 1209 3125 relicta.

70 3298 113 3336 10¹1
128 3285 219 3348 lumen
238 3294 365 3366 knappen
382 3295 490 3365 Frageu
508 3295 557 3351 wie
575 3295 628 3350 mit
644 3297 857 3359 Nadelstichen'‚
875 3295 917 3350 N‘·
940 3295 1004 3350 olsb.
1024 3297 1082 3358 129,
1100 3297 1124 3348 6.
1159 3295 1210 3348 Pa-

67 3351 118 3427 ?sssl·
133 3374 246 3426 prooem.
265 3365 313 3429 §2
336 3381 399 3418 vom
417 3363 500 3419 Cato:
535 3365 670 3435 perfectus
688 3385 747 3422 mea
765 3363 900 3421 sententia
938 3363 1026 3419 toicus
1045 3393 1077 3402 —
1096 3361 1210 3417 minutis

68 3424 323 3499 mtemogatiunculis
341 3431 420 3502 quasi
435 3433 547 3504 punctis
583 3433 637 3489 uod
654 3435 797 3506 proposuit
814 3433 903 3488 efficit.
1016 3432 1147 3486 interro
1176 3450 1209 3486 a·

68 3488 226 3556 tluuoulis
245 3501 352 3582 εφη]
370 3505 411 3564 11,
423 3503 465 3554 39.
534 3452 636 3556 iidem
654 3503 783 3559 abeunt
801 3502 858 3573 qui
879 3505 1040 3557 venerant
1058 3500 1106 3557 ‘sie
1124 3451 1211 3572 geion

70 3555 154 3617 ebensc
170 3587 228 3640 weg
246 3587 296 3624 wic
314 3587 352 3624 src
370 3570 530 3641 gekommcn
548 3573 652 3626 waren'.

127 3629 154 3686 8·
189 3642 295 3709 caput
318 3657 390 3693 esse
416 3637 563 3694 faciunt.
599 3639 698 3694 Facere
715 3639 791 3695 steht
808 3640 847 3696 im
865 3639 948 3694 Sinna
965 3655 1019 3693 von
1037 3637 1208 3702 constituero,

69 3690 149 3778 dqttrc
166 3705 229 3762 oder
248 3707 320 3762 velle.
425 3725 509 3778 quae
525 3709 703 3779 perspicua
721 3708 845 3763 dicunt
862 3708 993 3784 πρόδηλα
1012 3707 1075 3761 oder
1094 3708 1144 3763 ἕνα
1183 3714 1208 3778 ῆ,

68 3779 96 3839 tu
113 3768 237 3832 αὐτόθεν
255 3776 452 3832 ὑποπίπτοντα
470 3784 534 3840 ταῖς
551 3797 580 3832 re
600 3777 762 3848 αἰσθήσεσι
779 3783 827 3834 καὶ
844 3785 880 3853 τῇ·
900 3778 1015 3847 διανοίᾳ
1044 3776 1127 3844 (Sext.
1146 3727 1208 3831 lism-

69 3843 112 3906 ll!-
127 3837 184 3916 pdv.
203 3844 290 3898 math.
310 3845 380 3900 VIII
399 3848 468 3912 141).
516 3844 670 3900 ordinem
688 3851 892 3916 sequuntur:
911 3845 950 3900 sic
968 3844 1134 3901 beobachten
1151 3846 1210 3901 eine

69 3899 172 3976 uchtrge
188 3911 272 3984 Fulge
289 3913 336 3968 der
353 3913 523 3968 Untcrs'atae.

87 4033 92 4044 ,
128 3973 157 4029 9·
192 3979 327 4046 Quanta
346 3987 458 4038 autem
484 3981 524 4036 ab
551 3982 623 4037 illis
648 3981 803 4036 varietas
832 3981 1115 4037 nimiinventaest:
1145 3982 1209 4037 aber

72 4031 133 4094 dlffle
147 4044 321 4121 Mannigfalt‘
343 4050 400 4106 keit
418 4050 466 4106 der
483 4051 601 4107 Bewcise
619 4050 753 4106 erscheint
770 4050 892 4121 augleich
910 4051 950 4106 als
967 4050 1140 4106 verschieden
1155 4069 1209 4105 von

72 4099 115 4182 ³911
130 4113 313 4186 lriigcrischen
351 4119 484 4175 chliissen.
559 4123 838 4190 argumentorum
856 4120 992 4175 ratione
1010 4119 1208 4176 concluden-

71 4171 155 4254 llum,
189 4185 239 4241 Dic
256 4188 373 4243 Bcweise
386 4189 532 4244 ‘cnthslteu
549 4189 800 4259 varnunftgemtsse
817 4188 951 4244 Schliissc.
969 4189 996 4244 S.
1016 4208 1050 4243 zu
1066 4188 1112 4243 III
1129 4192 1153 4252 8,
1166 4191 1207 4242 27.

72 4234 161 4366 35¹ng
173 4256 263 4378 lqlpod
282 4257 382 4381 Zumpt
401 4259 414 4323 ξ
433 4261 491 4312 169.
572 4257 613 4311 ab
630 4258 703 4313 hoc:
723 4257 882 4329 Chrysippo.
964 4275 1060 4328 quam
1077 4259 1208 4313 veteres

137 4336 198 4374 ·aa
217 4342 369 4380 oraverun.
