2974 4950
238 319 302 382 258
475 314 525 368 DF
544 313 695 368 FINIBUS
714 311 899 368 BONORUM
917 313 964 368 FT
981 311 1173 366 MALORUM

239 486 324 550 Cum
347 491 459 548 autem
483 483 581 548 etiam
606 483 715 548 exitus
739 483 780 547 ab
806 488 945 566 utroque
962 483 1060 548 datur
1076 481 1273 546 conturbato
1291 501 1410 544 erran-

237 591 329 674 tique
345 587 427 672 regi,
453 587 580 650 Ambo
597 608 692 671 ergo
708 609 785 650 nna
801 587 985 650 necaricr
1000 607 1222 670 precamur,
1248 581 1411 666 quotiens

239 696 302 757 hoc
325 691 446 776 agitur,
472 689 685 773 ecquandone
709 689 772 753 nisi
789 689 1064 753 admirationibus
1081 687 1254 752 maximis?
1292 686 1410 748 Nemo

239 804 291 860 est
313 794 426 878 igitur,
452 793 532 876 quin
554 795 639 856 hanc
663 791 873 856 affectionem
895 791 995 856 animi
1017 792 1137 875 probet
1158 799 1257 872 atque
1272 787 1411 866 laudet,

238 920 303 982 qua
326 919 391 960 non
415 895 512 960 modo
536 893 664 958 utilitas
688 894 780 957 nulla
803 895 981 978 quaeritur,
1007 893 1065 958 sed
1089 900 1204 960 contra
1219 891 1410 956 utilitatem

238 1000 339 1065 etiam
370 1005 586 1062 conservatur
615 997 708 1060 fides.
755 995 822 1080 (tl)
851 996 988 1061 Talibus
1017 995 1176 1081 exemplis
1208 1017 1274 1058 non
1303 995 1410 1058 fictae

238 1103 346 1166 solum
361 1102 504 1179 fabulae,
522 1122 637 1164 verum
656 1099 757 1163 etiam
772 1099 931 1163 historiae
946 1100 1087 1164 refertae
1104 1105 1193 1178 sunt,
1219 1097 1410 1180 etquidem

237 1205 379 1270 maxime
402 1208 547 1266 nostrae.
593 1203 665 1266 Nos
690 1202 777 1266 enim
801 1202 843 1266 ad
866 1224 959 1266 sacra
980 1202 1083 1267 Idaea
1106 1199 1297 1285 accipienda
1316 1199 1409 1284 opti·

238 1331 327 1371 mum
351 1305 458 1370 virum
481 1304 682 1388 delegimus,
714 1327 774 1368 nos
797 1309 925 1368 tutores
949 1305 1083 1388 regibus
1107 1303 1272 1382 misimus,
1296 1303 1409 1366 nostri

236 1409 452 1494 imperatores
475 1428 533 1490 pro
558 1407 666 1470 salute
690 1405 816 1490 patriae
841 1427 918 1470 suae
943 1406 1052 1489 capita
1084 1413 1263 1483 voverunt,
1297 1405 1409 1469 nostri

239 1509 391 1574 consules
433 1531 546 1592 regem
587 1508 850 1572 inimicissimum
892 1508 1067 1573 moenibus
1113 1508 1178 1572 iam
1227 1509 1408 1592 appropin-

241 1715 263 1750 s.
282 1716 316 1752 zu
335 1696 423 1761 1124,
443 1699 483 1750 79.
519 1695 622 1750 Ambo
642 1712 720 1764 ergo
740 1698 789 1750 etc.
825 1695 907 1752 Diese
925 1696 1008 1752 Versa
1026 1695 1123 1768 glanbt
1140 1694 1265 1751 Ribbeck
1282 1714 1307 1750 a.
1325 1715 1351 1749 a.
1373 1695 1406 1751 0.

238 1784 262 1818 v.
293 1763 363 1819 365²
381 1783 410 1818 so
429 1763 571 1819 herstellen
588 1783 622 1819 zu
640 1767 764 1818 miissen:

493 1873 500 1887 .
519 1872 525 1886 .
547 1874 553 1887 .
572 1871 578 1886 .
597 1832 678 1887 ambo
696 1849 759 1903 ergo
778 1832 864 1902 igitur
883 1830 964 1887 simul
981 1852 1036 1888 una
1056 1831 1187 1886 enicarier

492 1901 712 1972 comprecamur.

238 1968 1399 2109 urunuusurm.rulmrurumurum:

239 2109 280 2161 vis
299 2107 348 2162 her
367 2108 470 2162 estellte
488 2108 661 2177 ecquandone
680 2107 754 2162 steht
772 2106 810 2160 im
829 2107 911 2161 Sinna
929 2124 983 2160 von
1001 2109 1072 2160 certe
1090 2125 1146 2160 nnn
1166 2123 1238 2160 nam.
1258 2106 1313 2160 Der
1329 2105 1404 2176 ellip-

241 2177 328 2232 tische
375 2177 484 2231 achsatz
503 2177 553 2230 hat
572 2177 759 2246 exegetischen
771 2175 919 2230 Character
938 2175 1005 2241 (also
1018 2175 1145 2244 quotiens
1178 2192 1209 2228 oc
1227 2175 1327 2244 agitur,
1346 2175 1403 2246 agi·

239 2252 366 2300 turcum
384 2246 510 2300 maximis
528 2245 776 2311 admirationibus).
813 2243 875 2324 Vgl.
894 2244 973 2297 Tusa.
992 2244 1007 2297 I
1026 2248 1050 2306 9,
1071 2251 1102 2296 18
1120 2243 1175 2310 Qui
1192 2243 1328 2298 discedere
1346 2244 1403 2298 ani·

240 2333 316 2368 mum
335 2318 451 2377 censent,
471 2314 517 2368 alii
535 2315 631 2368 statim
650 2313 786 2384 dissipari,
805 2313 853 2366 ali1
870 2311 918 2366 diu
935 2329 1100 2382 permanere,
1119 2311 1165 2365 alii
1184 2329 1290 2382 semper
1309 2313 1404 2378 (ntml.

240 2392 370 2439 censent.

309 2386 361 2504 (lli
395 2450 795 2515 historicos.zu1'l‚25.
866 2450 1035 2520 optimum
1053 2448 1173 2503 virum.
1209 2448 1240 2502 P.
1259 2447 1402 2503 Cornelius

241 2520 331 2590 Scipio
349 2518 467 2583 Nasica,
513 2518 616 2572 ontifex
634 2519 769 2574 maximus
787 2517 844 2572 und
863 2518 880 2570 i.
899 2519 926 2572 J.
947 2523 992 2571 191
1014 2517 1131 2581 Consul,
1159 2516 1251 2572 werde
1268 2516 1286 2570 i.
1305 2517 1333 2570 J.
1352 2522 1403 2571 204

240 2587 381 2643 dffentlich
399 2587 425 2641 d.
444 2587 471 2640 h.
490 2537 575 2640 durch
594 2587 671 2641 einen
689 2586 926 2640 Senatsbeschluss
945 2586 990 2640 fur
1008 2587 1061 2640 den
1078 2585 1174 2640 besten
1186 2586 1273 2640 Manu
1291 2586 1402 2640 erklarr.

239 2658 278 2711 Er
291 2655 387 2710 crhielt
399 2655 451 2709 den
462 2655 563 2709 Aultra
583 2697 591 2718 ,
608 2655 638 2709 in
651 2654 830 2724 Verbindung
847 2655 900 2708 mit
918 2655 1109 2710 stmmtlichen
1118 2655 1284 2709 vornehmen
1295 2655 1403 2709 Franco

240 2725 287 2780 der
304 2723 388 2778 Stadt
405 2723 448 2777 die
466 2723 573 2793 Heiligt
593 2726 670 2778 mna
688 2723 735 2776 der
753 2723 851 2792 Cybele
871 2727 959 2790 (sacra
976 2723 1087 2790 Idaea),
1115 2723 1158 2778 die
1185 2741 1234 2776 aus
1262 2722 1402 2794 Phrygien

239 2793 310 2848 nach
328 2792 400 2846 Rom
418 2790 551 2860 gebracht
567 2792 686 2854 wurden,
704 2791 734 2845 in
752 2791 891 2862 llmpfang
908 2811 943 2854 zu
961 2793 1085 2846 nahmen.
1109 2792 1169 2846 Liv.
1182 2791 1280 2846 XXIX
1295 2797 1337 2856 14,
1351 2793 1403 2846 ssff.

239 2863 270 2916 P.
284 2860 438 2932 Scipionem
450 2859 531 2915 Onf.
550 2861 615 2924 eius,
634 2859 728 2930 quiin
747 2861 883 2930 Hispania
901 2860 1041 2924 ceciderat,
1060 2861 1259 2914 adulescentem
1278 2860 1401 2916 nondum

258 2928 434 2990 uaestorinm,
453 2927 643 2983 iudicaverunt
655 2928 684 2982 in
697 2931 758 2982 tota
770 2928 882 2982 civitate
892 2929 982 2984 virum
1001 2928 1134 2983 bonorum
1153 2929 1289 2999 optimum
1308 2947 1381 2983 esse.
1394 2971 1401 2982 .

239 2949 422 3054 {Cornelius
440 3015 501 3052 cnm
520 2997 647 3052 omnibus
664 2998 798 3054 matronis
816 2998 923 3052 Ostiam
941 2997 980 3052 ire
997 2998 1089 3052 iussus
1107 2997 1215 3068 obviam
1234 2997 1308 3063 deae,
1327 2999 1403 3068 isque

240 3086 300 3123 eam
318 3067 351 3120 de
368 3084 436 3120 nave
454 3064 572 3136 accipere
590 3070 619 3122 et
645 3067 674 3121 in
701 3072 802 3122 terram
829 3067 928 3121 elatam
956 3067 1062 3122 tradere
1090 3065 1231 3121 ferendam
1258 3067 1400 3122 matronis.

239 3137 392 3205 Postquam
411 3136 489 3189 navis
507 3134 542 3189 ad
561 3136 662 3190 catium
681 3137 769 3190 amnis
788 3134 910 3190 Tiberini
928 3135 1057 3198 accessit,
1077 3135 1150 3189 sicut
1168 3139 1226 3190 erat
1245 3135 1354 3199 iussus,
1372 3136 1402 3188 in

239 3206 327 3260 salum
345 3221 413 3258 nave
430 3207 538 3258 evectus
557 3204 591 3258 ab
610 3204 796 3259 sacerdotibus
823 3204 901 3258 deam
928 3205 1031 3284 accepit
1057 3203 1207 3273 extulitque
1233 3203 1262 3256 in
1289 3207 1402 3258 terram.

240 3292 301 3328 nos
328 3276 464 3326 tutores
491 3272 631 3342 regibus
659 3273 822 3326 misimus.
859 3273 923 3327 Dies
942 3272 1124 3327 beurehtsieh
1142 3272 1194 3327 auf
1209 3272 1247 3326 M.
1266 3273 1401 3327 Aemilius

239 3341 376 3410 Lepidus,
405 3340 516 3394 welcher
543 3341 613 3395 nach
632 3341 693 3395 dem
711 3341 785 3394 'Fode
804 3341 850 3394 des
867 3341 1025 3396 Ptolemtus
1043 3341 1084 3394 IV
1100 3340 1263 3410 Philopator
1281 3343 1339 3396 i.J.
1353 3345 1403 3394 204

239 3410 285 3465 fur
304 3409 356 3463 den
373 3409 561 3478 unmiindigen
579 3409 774 3464 PtolemttusV
791 3410 815 3463 E
835 3409 948 3489 iphanes
959 3412 1101 3480 Aegypten
1119 3409 1280 3464 verwaltete.
1298 3411 1402 3465 dnstin.

240 3477 323 3531 XXX
342 3482 356 3530 2
386 3477 477 3531 Morta
495 3477 567 3546 regis
585 3479 689 3547 legatos
706 3429 882 3532 Alexandrini
900 3477 936 3533 ad
954 3478 1092 3532 Romanos
1110 3477 1207 3532 misere
1225 3484 1353 3542 orantes,
1371 3481 1404 3533 ut

241 3545 356 3600 tutelam
394 3545 471 3615 upilli
489 3547 656 3616 susciperent
682 3549 876 3616 tuerentnrque
902 3565 1017 3617 regnum
1033 3546 1161 3618 Aegypti.
1197 3565 1220 3600 c.
1241 3551 1256 3599 3
1276 3548 1405 3602 Mittitur

239 3615 279 3669 M.
297 3564 418 3684 Lepidus
436 3615 465 3667 in
476 3615 641 3684 Aegyptum,
659 3615 707 3684 qui
725 3615 828 3668 tutorio
847 3615 956 3668 nomino
972 3633 1087 3684 regnum
1104 3633 1141 3685 pu
1160 3615 1200 3668 illi
1218 3615 1406 3672 administret.

240 3717 269 3726 -
299 3681 398 3736 Weder
424 3681 473 3736 das
503 3683 619 3754 Beispiel
649 3683 695 3737 des
721 3684 753 3738 P.
772 3683 911 3738 Cornelius
931 3683 1020 3753 Scipio
1044 3682 1115 3737 noch
1134 3635 1183 3737 dics
1212 3683 1260 3738 des
1291 3686 1331 3741 M.
1351 3688 1401 3740 Ae·

240 3749 332 3804 milius
350 3749 472 3821 Lepidus
490 3751 552 3805 sind
570 3771 622 3806 von
641 3751 696 3806 oie.
714 3752 830 3822 passend
857 3752 985 3823 gowi'ahlt;
1012 3751 1083 3806 deun
1110 3769 1137 3806 es
1164 3753 1202 3806 ist
1228 3753 1308 3808 nicht
1335 3755 1402 3817 ider,

241 3819 326 3874 worin
345 3817 392 3872 der
410 3818 468 3873 eine
487 3819 551 3874 oder
569 3821 667 3874 andere
685 3821 728 3875 die
746 3820 865 3876 sittliche
876 3821 977 3875 Wiirde
995 3821 1095 3875 seincm
1105 3819 1215 3875 Nutnen
1232 3838 1403 3893 vorgezogen

239 3887 297 3940 hat.
413 3890 529 3942 nostri
547 3889 772 3959 imperatores
790 3893 839 3943 etc.
875 3889 964 3943 Ueber
982 3888 1025 3944 die
1043 3889 1138 3943 Decier
1155 3908 1177 3942 s.
1197 3909 1231 3944 zu
1248 3891 1279 3945 II
1299 3896 1340 3954 19,
1359 3897 1400 3945 61.

241 3955 356 4010 nostri
373 3957 531 4011 consules
551 3961 600 4011 etc.
637 3957 670 4011 de
688 3958 732 4012 off.
750 3958 796 4011 III
814 3962 855 4019 22,
874 3963 907 4011 86
934 3958 1003 4013 Cum
1027 3977 1072 4012 rex
1090 3958 1212 4028 Pyrrhus
1230 3960 1331 4029 populo
1349 3961 1401 4014 Ro·

241 4042 322 4078 mano
343 4023 439 4078 bellum
458 4026 530 4080 ultro
549 4025 689 4080 intulisset
707 4043 822 4097 cumque
839 4025 872 4079 de
890 4026 1002 4096 imperio
1021 4029 1157 4082 certamen
1176 4033 1247 4080 esset
1264 4045 1328 4082 cum
1340 4046 1405 4098 rege

238 4110 370 4215 penercsc
389 4111 420 4146 ac
438 4097 556 4164 potente,
575 4095 688 4165 perfuga
707 4095 741 4148 ab
760 4113 790 4148 ec
808 4095 930 4149 venitin
948 4099 1037 4150 eastra
1055 4095 1174 4150 Fabricii
1191 4095 1269 4165 eique
1286 4100 1329 4150 est
1347 4098 1401 4168 pol·

250 4161 340 4224 rcitus,
358 4161 383 4215 si
399 4163 552 4231 praemium
570 4163 623 4216 sibi
640 4163 837 4234 proposuisset,
857 4182 900 4227 se,
929 4167 961 4218 ut
979 4165 1048 4218 clam
1066 4163 1199 4227 venisset,
1226 4163 1265 4218 sic
1284 4163 1355 4220 clam
1373 4168 1401 4219 in

240 4229 342 4299 Pyrrhi
359 4235 449 4284 castra
466 4230 619 4285 rediturum
638 4237 665 4286 et
683 4250 744 4286 cum
762 4250 863 4286 veneno
881 4236 1049 4287 necaturum.
1084 4233 1167 4286 Hunc
1192 4230 1336 4288 Fabricius
1363 4253 1399 4288 re·

241 4297 394 4352 ducendum
413 4299 520 4353 curavit
538 4299 572 4352 ad
591 4300 736 4369 Pyrrhum,
754 4300 836 4370 idque
854 4300 910 4355 eius
929 4301 1034 4356 factum
1051 4300 1193 4356 laudatum
1207 4319 1223 4355 a
1235 4305 1334 4358 senatu
1353 4309 1400 4358 est.
