3020 4948
366 303 430 359 Iun.
448 305 485 360 11.
521 305 585 360 Cer.
605 306 828 362 XVII-XVIII.
850 261 895 374 .§§
915 313 1026 366 57-59.
1235 317 1278 382 85

108 470 209 536 dere!
259 473 327 556 (58)
356 474 391 539 Si
413 482 448 540 te
471 476 595 542 amicus
619 485 696 542 tuus
720 480 862 544 moriens
885 483 1064 564 rogaverit,
1088 492 1127 547 ut
1150 486 1278 550 heredi-

105 579 223 637 tatem
245 575 365 640 reddas
388 599 466 640 suae
489 577 587 657 filiae,
612 601 674 643 neo
696 603 836 664 usquam
858 582 891 646 id
916 582 1095 667 scripserit,
1128 593 1167 649 ut
1197 587 1279 652 scri-

106 673 183 758 psit
210 675 339 758 Fadius,
373 701 434 744 nee
458 679 610 766 cuiquam
634 681 770 758 dixerit,
796 684 875 768 quid
898 684 1019 756 facies?
1064 688 1113 752 Tu
1145 689 1280 773 quidem

106 780 250 846 reddes:
289 781 360 868 ipse
384 783 546 868 Epicurus
573 785 715 851 fortasse
739 788 914 866 redderet,
948 797 986 853 ut
1019 791 1139 854 Sextus
1171 794 1278 858 Pedu-

107 905 226 964 caeus,
252 886 329 950 Sex.
347 885 384 965 f,
409 887 449 967 is,
474 887 531 971 qui
553 889 641 953 hunc
663 898 815 955 nostrum
836 890 973 975 reliquit
996 892 1142 976 effigiem
1160 902 1195 958 et
1218 898 1278 960 hu-

108 987 287 1052 manitatis
304 997 339 1054 et
353 990 530 1075 probitatis
546 1014 625 1056 suae
641 992 758 1072 filium,
783 1016 859 1058 cum
883 995 1013 1075 doctus,
1037 1004 1110 1060 tum
1133 999 1280 1064 omnium

108 1091 163 1154 vir
188 1091 335 1176 optimus
358 1100 393 1156 et
415 1092 632 1173 iustissimo,
667 1117 743 1160 cum
775 1096 875 1160 sciret
906 1119 1003 1162 nemo
1028 1121 1103 1164 eum
1125 1109 1279 1184 rogatum

109 1217 128 1257 a
153 1195 241 1258 Gaio
265 1196 387 1274 Plotio,
413 1195 524 1279 equite
547 1197 697 1261 Romano
721 1199 906 1283 splendido,
932 1201 1098 1281 Nursino,
1124 1203 1213 1267 ultro
1237 1204 1278 1267 ad

110 1297 288 1363 mulierem
309 1291 401 1363 venit
424 1300 517 1382 eique
541 1301 624 1363 nibil
648 1302 797 1386 opinanti
819 1303 881 1366 viri
903 1304 1097 1368 mandatum
1126 1307 1280 1391 exposuit

109 1400 402 1486 hereditatemque
426 1403 584 1467 reddidit.
632 1403 697 1466 Sed
722 1426 784 1489 ego
810 1427 849 1469 ex
881 1415 915 1470 te
949 1429 1089 1490 quaero,
1124 1409 1279 1493 quoniam

108 1505 204 1568 idem
226 1511 266 1568 tu
288 1513 378 1572 certe
410 1506 568 1584 fecisses,
601 1530 710 1573 nonne
742 1509 920 1592 intellegas
954 1532 992 1574 eo
1024 1512 1182 1578 maiorem
1211 1513 1280 1578 vim

111 1629 187 1671 esse
210 1614 361 1682 naturae,
388 1610 474 1692 quod
498 1609 561 1694 ipsi
581 1632 660 1688 vos,
686 1611 742 1693 qui
765 1612 873 1674 omnia
897 1613 939 1676 ad
961 1622 1110 1678 vestrum
1134 1637 1277 1679 eommo-

110 1709 196 1774 dnm
218 1715 266 1789 et,
296 1718 335 1774 ut
357 1713 420 1795 ipsi
444 1711 571 1790 dicitis,
606 1713 647 1777 ad
670 1714 878 1796 voluptatem
902 1714 1073 1795 reseratis,
1103 1724 1218 1782 tamen
1241 1739 1279 1781 ea

113 1813 258 1892 faciatis,
284 1814 439 1897 equibus
459 1823 617 1899 appareat
633 1839 699 1880 non
721 1817 931 1900 voluptatem
954 1843 1024 1899 vos,
1050 1821 1109 1884 sed
1132 1821 1280 1886 officium

110 1916 227 1999 sequi,
260 1917 401 2000 plusque
424 1925 550 1982 rectam
573 1925 726 1984 naturam
750 1941 849 2002 quem
871 1921 1034 1986 rationem
1056 1944 1191 2006 pravam
1222 1948 1278 1989 va-

110 2021 204 2084 lere?
251 2019 318 2105 (59)
343 2021 378 2084 Si
401 2021 525 2099 scieris,
550 2020 658 2105 inquit
682 2021 880 2102 Carneades,
906 2025 1054 2108 aspidem
1076 2027 1207 2090 occulte
1230 2027 1278 2092 la-

110 2131 184 2187 tere
208 2124 338 2207 uspiam
361 2132 396 2188 et
417 2125 504 2188 velle
528 2125 672 2207 aliquem
695 2124 941 2208 imprudentem
970 2148 1068 2210 super
1096 2148 1169 2190 eam
1197 2129 1278 2192 assi·

110 2227 202 2305 dere,
230 2227 321 2291 cuius
344 2250 432 2291 mors
455 2227 519 2291 tibi
542 2227 804 2292 emolumentum
828 2227 938 2291 futura
962 2229 1026 2306 sit,
1059 2229 1207 2314 improbe
1231 2230 1279 2294 fe-

110 2331 207 2409 ceris,
233 2331 297 2395 nisi
319 2332 484 2395 monueris
507 2352 549 2394 ne
572 2330 708 2394 assidat.
755 2331 819 2394 Sed
836 2331 997 2416 impunite
1020 2340 1134 2396 tamen
1141 2357 1150 2409 ;
1177 2333 1278 2396 scisse

112 2519 197 2574 Naoh
215 2519 338 2643 Madvigl
356 2519 549 2589 Vermnthung
565 2520 667 2574 lautete
685 2518 729 2573 die
740 2520 838 2574 Lesart
855 2521 902 2574 des
920 2520 1093 2592 Archetypus
1110 2520 1220 2592 iniquus
1238 2521 1277 2576 iu·

113 2593 185 2651 1111,
205 2587 249 2643 die
266 2610 291 2644 w
354 2589 528 2644 irrthiimlioh
547 2607 596 2642 aus
614 2589 733 2644 iniustus
752 2589 915 2644 entstanden
937 2590 986 2652 ist,
1011 2590 1068 2644 und
1090 2609 1156 2645 man
1172 2593 1278 2647 miisste

113 2659 191 2714 daun
210 2656 363 2713 schreiben:
382 2675 441 2713 esse
460 2657 532 2712 enim
550 2676 633 2728 quam
650 2657 729 2712 vellet
746 2657 866 2712 iniustus
884 2662 993 2728 poterat
1009 2659 1129 2730 impune.

186 2726 238 2780 58.
257 2725 382 2782 Si—ro
412 2725 537 2789 avaris,
556 2727 640 2796 quid
659 2755 690 2766 -
710 2726 831 2781 facies?
850 2727 906 2782 cio.
924 2727 978 2782 will
995 2727 1135 2791 beweisen,
1153 2728 1216 2782 dass
1235 2727 1279 2781 die

112 2794 322 2866 Gerechtigkeit
338 2796 369 2850 in
386 2745 407 2850 d
756 2863 762 2876 .

113 2883 191 2920 exem
209 2864 268 2918 lum
285 2865 388 2919 fictum.
424 2865 467 2919 Im
485 2864 624 2919 Nachsatz
643 2864 718 2919 steht
735 2864 793 2919 hrer
812 2865 858 2919 der
891 2864 936 2920 nd.
955 2866 1032 2929 Fut,
1051 2865 1179 2921 wahrend
1197 2866 1279 2920 meist

113 2934 162 2988 der
204 2933 260 3002 onj.
278 2933 355 2988 Prie.
374 2933 439 2988 oder
461 2933 510 2988 das
527 2933 591 2988 Fut.
610 2936 696 2989 exact.
715 2936 820 3004 gesetzt
841 2934 917 2988 wird.
953 2934 1068 3004 Seyffert
1091 2934 1179 2990 Schol.
1197 2933 1245 2989 lat
1263 2935 1279 2988 Ι

113 3003 142 3057 S.
162 3006 221 3056 185.
309 3003 542 3058 hereditatem
560 3001 683 3056 reddas
702 3019 783 3056 suae
800 3002 901 3058 filiae
925 3003 978 3056 mit
1001 3004 1094 3073 Bezug
1112 3003 1163 3058 auf
1177 3001 1221 3057 die
1237 3003 1279 3057 lex

70 3072 78 3082 “
113 3071 247 3133 Voconia,
266 3089 287 3125 1.
305 3091 340 3125 zu
358 3089 380 3125 o.
400 3076 441 3135 11,
454 3076 495 3125 55.
567 3071 635 3125 Sex.
653 3071 848 3125 Peducaeus
865 3089 921 3126 war
937 3071 1038 3126 Prttor
1056 3073 1085 3126 in
1103 3072 1220 3134 Sicilien,
1239 3071 1279 3125 als

113 3138 443 3195 (111.1111111)111..1.16
471 3140 514 3195 die
531 3139 654 3206 Quietur
680 3139 841 3194 verwaltete.
876 3141 916 3194 Er
942 3140 1078 3194 zeiohnets
1105 3141 1164 3194 sich
1192 3139 1279 3195 durch

115 3209 190 3262 scine
240 3227 300 3265 osse
318 3208 580 3264 Unbescholtenheit
598 3227 654 3263 aus.
691 3207 753 3277 Vgl.
772 3225 810 3260 or.
829 3208 858 3260 in
876 3208 1060 3270 1111Π56,
1080 3213 1137 3262 138.
1172 3209 1218 3263 ΙΠ
1236 3212 1278 3270 93,

116 3280 178 3330 216.
262 3277 303 3343 64,
324 3282 381 3332 142.
417 3277 481 3332 Sein
499 3277 575 3332 Sohn
591 3294 647 3330 war
665 3275 717 3329 mit
734 3275 789 3328 Cio.
807 3274 864 3328 und
882 3275 994 3330 Atticus
1012 3275 1178 3330 befreundet.
1248 3276 1278 3329 0.

113 3345 250 3400 Plotius
268 3365 319 3401 ans
335 3347 440 3401 Nursia
457 3347 497 3402 im
514 3344 675 3401 ndrdlichen
693 3343 785 3399 'Pheile
809 3342 859 3411 des¹
880 3343 1087 3399 Sabinerlandes
1112 3343 1177 3413 (ng
1196 3344 1279 3413 Verg.

113 3415 316 3470 1111111111
337 3415 439 3486 frigida
456 3415 586 3482 Nursia),
609 3414 647 3469 ist
669 3431 722 3468 nur
745 3412 804 3467 hier
828 3412 960 3467 1111111111.
995 3413 1034 3468 Er
1051 3413 1130 3467 hatte
1148 3412 1200 3467 den
1218 3413 1278 3466 Sex.

112 3483 273 3539 Peducaeus
291 3484 406 3556 gebeten
423 3485 494 3539 nach
513 3484 613 3539 seinem
631 3482 706 3537 Tode
723 3482 763 3536 als
781 3481 839 3536 sein
861 3481 939 3536 heres
962 3481 1119 3536 fiduciarius
1144 3481 1278 3536 11111111-

112 3558 172 3616 ten,
190 3573 239 3608 um
258 3555 315 3608 1111
333 3553 419 3608 durch
438 3553 481 3608 (111
498 3553 539 3608 lex
556 3550 679 3607 Voconia
697 3551 744 3606 der
761 3550 873 3606 Wittwe
891 3550 1122 3621 abgesprochenes
1141 3549 1213 3604 111111
1230 3550 1280 3606 der

112 3623 246 3678 letateren
265 3623 465 3685 einzurtumen
484 3622 541 3677 und
559 3622 651 3677 fdhrte
670 3620 761 3676 diesen
783 3619 905 3692 Austrag
927 3620 966 3674 als
991 3619 1034 3675 111
1059 3619 1149 3674 echter
1171 3618 1278 3674 Biader-

112 3710 199 3746 mann
217 3709 276 3747 aus.
346 3691 422 3746 viri.
441 3691 528 3746 Nioht
546 3691 604 3746 blos
623 3690 737 3745 Dichter
754 3689 811 3744 und
830 3692 935 3760 spttere
954 3688 1148 3744 Schriftsteller
1165 3687 1279 3758 gebrau-

113 3761 183 3815 chen
201 3761 243 3814 vir
261 3760 308 3815 fiir
325 3760 450 3815 maritus.
469 3760 531 3830 Vgl.
550 3777 572 3813 c.
585 3764 627 3822 20,
640 3763 673 3812 66
692 3759 726 3814 ob
746 3759 803 3813 eius
824 3777 856 3812 ue
874 3757 995 3813 mulieris
1013 3756 1172 3814 memoriam
1189 3757 1278 3828 primo

113 3848 186 3883 anno
206 3835 234 3883 et
250 3831 293 3884 vir
311 3833 338 3884 11
355 3832 433 3899 pater
451 3829 508 3883 eius
527 3829 620 3883 consul
638 3831 680 3882 est
697 3827 795 3882 factus.
873 3831 896 3891 1,
917 3831 947 3881 11
967 3827 1094 3897 coniugia
1112 3827 1232 3882 virorum
1252 3829 1279 3880 et

113 3917 239 3954 uxorum.
345 3916 455 3953 nonne
473 3897 664 3967 intellegas
682 3895 724 3951 ‘ob
744 3895 781 3950 du
799 3897 877 3951 nieht
895 3896 1042 3952 einsiehst’.
1077 3895 1185 3950 Ebenso
1205 3894 1279 3950 steht

113 3985 205 4048 nonne
222 3967 252 4021 in
270 3966 416 4048 indirecter
433 3966 507 4021 Rede
524 3967 568 4022 III
587 3970 657 4027 4,13
676 3983 775 4036 quaero
794 3983 883 4019 nonne
900 3965 954 4020 tibi
971 3965 1126 4020 faciendum
1143 3964 1216 4019 idem
1234 3964 1279 4017 111.

113 4035 561 4160 qmb-S.re(idrrbbiasdddxdibri
575 4039 657 4166 1611,
677 4106 718 4182 35..
797 4101 834 4183 Si
851 4102 988 4182 scieris,
1009 4132 1038 4182 ''.
1058 4102 1103 4156 im
1134 4101 1216 4157 robe
1234 4102 1277 4154 se-

113 4175 201 4230 ceris
221 4193 242 4229 s.
261 4193 296 4228 zu
314 4176 327 4239 §
347 4178 380 4227 58
399 4174 470 4228 siro
491 4173 586 4227 averia.
621 4173 656 4226 In
673 4170 769 4225 berden
787 4171 938 4242 Berspielen
956 4175 994 4224 rst
1012 4170 1055 4224 dre
1074 4175 1097 4224 2.
1109 4121 1214 4249 i'erson
1232 4167 1279 4222 dea

113 4243 295 4314 conjunctive
314 4261 368 4298 von
387 4192 535 4297 1111111111
548 4257 785 4311 angenommenen
802 4239 907 4295 Person
924 4238 1083 4309 gebraucht.
1111 4239 1172 4293 Von
1190 4255 1278 4293 ernem

111 4312 271 4370 wirlrliohen
283 4311 410 4383 Subjeote
419 4311 511 4367 wtirde
529 4329 557 4366 es
574 4309 680 4364 heissen
698 4308 722 4363 si
734 4309 857 4373 sciemus,
869 4339 898 4348 -
910 4307 1031 4377 improbe
1043 4307 1180 4362 faciemus.
1199 4305 1279 4360 Mad·

406 2813 434 2850 er
445 2795 545 2858 Natur,
563 2795 641 2850 nicht
658 2795 688 2850 in
706 2794 753 2849 der
764 2795 870 2850 Lustb
923 2796 1005 2850 ''ndet
1023 2797 1069 2852 rei.
1087 2797 1194 2851 Muster
1206 2797 1279 2851 eines
