2942 4950
298 277 299 284 Ν
366 320 431 373 nm.
452 319 500 374 ru.
536 320 602 375 era.
621 320 730 376 iv-v.
767 325 795 388 §a
816 325 925 376 10-13.
1173 329 1231 390 177

64 491 198 554 rectoris
223 513 264 554 ac
292 491 417 557 domini
439 513 571 572 numen,
597 491 686 576 quod
709 491 902 571 consilium,
937 515 1020 578 quae
1057 495 1230 560 voluutas:

66 593 152 658 ouius
178 594 222 658 ad
248 601 408 660 naturam
431 603 510 682 apta
532 595 616 660 ratio
640 617 717 662 vera
740 594 799 659 illa
823 601 856 660 et
880 617 1007 662 summa
1038 598 1094 662 lex
1117 621 1136 662 a
1158 598 1232 683 phi·
1283 646 1286 652 .

65 695 210 780 losephis
237 689 386 764 dieitur(
424 697 482 783 (12)
510 699 606 766 11111
632 699 667 764 iu
694 698 810 764 eadem
842 699 1062 784 explicatione
1095 708 1232 766 naturae

65 797 268 864 insatiabilis
295 801 457 885 quaedam
481 822 498 865 e
522 799 762 885 cognoscendis
784 799 884 864 rebus
907 801 1082 885 voluptas,
1111 803 1233 888 inqua

66 922 123 964 una
145 900 320 974 consectis
344 903 443 967 rebus
466 902 660 968 necessariis
683 901 779 966 vacui
801 901 945 986 negotiis
969 905 1109 968 honeste
1132 925 1169 968 ac
1192 903 1232 968 li·

66 1001 220 1069 beraliter
236 1004 408 1090 possimus
431 1004 552 1070 vivere.
599 1005 689 1088 Ergo
713 1005 747 1068 in
770 1006 832 1068 hac
855 1004 983 1069 ratione
1005 1010 1077 1070 tota
1101 1007 1141 1070 de
1164 1029 1232 1070 ma-

67 1102 155 1168 ximis
178 1105 256 1172 fere
281 1109 382 1173 rebus
407 1108 513 1174 Stoici
534 1109 612 1173 illos
635 1107 743 1172 secuti
767 1113 855 1186 sunt,
881 1115 920 1172 ut
943 1116 977 1172 et
1000 1108 1078 1173 deos
1103 1131 1174 1176 esse
1199 1117 1233 1174 et

67 1215 222 1290 quattuor
264 1233 307 1274 ex
337 1213 436 1276 rebus
469 1211 578 1277 omnia
608 1215 759 1276 constare
791 1209 952 1277 dicerent.
1000 1211 1083 1276 Cum
1120 1219 1232 1276 autem

69 1320 283 1394 quaereretur
305 1335 358 1379 res
383 1314 561 1379 admodum
585 1313 738 1393 difficilis,
764 1335 844 1378 num
868 1313 983 1396 quinta
999 1315 1159 1398 quaedam
1175 1339 1232 1381 na-

69 1418 135 1477 tura
158 1414 337 1481 videretur
361 1438 445 1495 esse,
471 1438 512 1481 ex
536 1439 600 1500 qua
623 1416 708 1481 ratio
726 1419 759 1479 et
774 1415 1008 1499 intellegentia
1025 1417 1175 1497 oriretur,
1199 1419 1234 1482 in

70 1519 256 1598 quostiam
281 1519 323 1585 de
340 1519 468 1597 animis,
494 1517 586 1583 cuius
602 1517 733 1602 generis
750 1523 873 1596 esseut,
898 1525 1120 1602 quaereretur,
1145 1521 1232 1585 Zeno
1301 1530 1303 1536 ’

69 1617 99 1682 id
120 1620 204 1686 dixit
230 1643 308 1687 esse
330 1622 460 1706 ignem:
484 1608 553 1688 non
575 1622 668 1686 nulla
690 1620 809 1685 deiude
832 1621 941 1694 aliter,
967 1621 1026 1687 sed
1049 1643 1088 1686 11
1110 1645 1230 1706 pauca:

71 1720 107 1784 de
128 1723 275 1789 maxima
299 1730 410 1790 autem
432 1746 467 1789 re
492 1725 609 1788 eodem
631 1723 746 1801 modo,
778 1722 890 1788 divina
912 1729 1023 1788 mente
1052 1731 1152 1810 atque
1176 1749 1232 1790 na·

72 1829 138 1886 tura
157 1827 329 1892 mundum
352 1826 542 1892 universum
565 1831 665 1910 atque
689 1825 758 1890 eius
782 1825 942 1895 maximas
965 1831 1077 1912 partes
1093 1827 1232 1893 admini-

72 1927 169 1992 strari.
218 1927 283 2014 (13)
307 1929 484 1994 Materiam
508 1951 585 1994 vero
610 1950 720 1994 rerum
742 1935 777 1992 et
801 1928 929 2012 copiam
952 1928 1039 2012 apud
1071 1931 1132 1994 hos
1165 1930 1232 1995 exi-

72 2025 139 2109 lem,
163 2034 260 2116 apud
282 2032 360 2097 illos
383 2031 583 2097 uberrimam
605 2030 817 2114 reperiemus.
865 2030 974 2095 Quam
996 2030 1103 2094 multa
1127 2031 1167 2094 ab
1191 2032 1232 2096 iis

74 2133 257 2216 conquisita
282 2141 316 2199 et
341 2135 484 2199 collecta
507 2142 586 2199 sunt
609 2134 649 2198 de
677 2133 823 2197 omnium
852 2132 1069 2198 animantium
1097 2155 1230 2218 genere,

73 2239 150 2313 ortu,
174 2237 348 2316 membris,
373 2238 555 2303 aetatibus!
599 2258 697 2321 quam
720 2236 826 2300 multa
850 2235 890 2300 de
922 2235 1021 2300 rebus
1053 2234 1114 2320 iis,
1149 2258 1232 2320 quae

76 2335 255 2420 gignuntur
279 2361 295 2404 e
318 2343 421 2405 terra!
448 2363 546 2426 quam
569 2341 694 2404 multae
717 2359 879 2423 quamque
903 2338 943 2402 de
965 2337 1064 2402 variis
1079 2339 1178 2404 rebus
1197 2346 1233 2403 et

77 2524 133 2594 trag
151 2527 189 2582 cie
207 2529 264 2584 auf
278 2529 321 2583 die
338 2527 545 2600 Peripatetilrer.
650 2527 887 2583 cernentibus:
924 2525 986 2582 dem
1002 2526 1038 2581 iis
1056 2527 1104 2598 qui
1121 2527 1232 2586 videant

77 2596 269 2664 antepreobend
287 2601 358 2652 ware
375 2597 411 2652 iis
428 2597 476 2666 qui
494 2597 606 2652 deorum
624 2615 704 2668 opera
722 2599 750 2652 et
767 2595 841 2652 facta
859 2598 972 2652 cernant
989 2613 1117 2666 genesen.
1193 2598 1233 2652 ad

78 2665 231 2721 naturam
251 2669 334 2737 apta
351 2665 447 2720 ratio
466 2664 1089 2746 11111111111111111111111111,11111111).
1108 2667 1149 2728 63,
1168 2669 1193 2720 5.

139 2732 186 2787 12.
224 2735 268 2788 da
286 2734 444 2789 maximis
461 2733 530 2789 fere
555 2733 657 2789 rebus
681 2733 732 2803 sig.
750 2753 786 2790 11
804 2733 966 2804 denJcnigen
984 2733 1118 2799 Puncten,
1136 2733 1234 2789 welche

78 2812 124 2850 von
140 2800 191 2855 den
209 2803 387 2874 wichtigsten
405 2802 616 2872 Gegenstiinden
633 2800 760 2858 handeln.
834 2821 908 2858 num
928 2802 1052 2872 quinta
1070 2803 1234 2873 quaedam

79 2870 191 2924 natura
207 2871 389 2927 videretur
407 2890 485 2927 esse.
521 2871 650 2926 Offenbar
667 2869 761 2926 deutet
778 2871 833 2926 (lio.
853 2870 900 2926 aui
918 2870 967 2926 das
991 2877 1075 2945 σῶμα
1095 2875 1232 2946 αἰθέριον

79 2929 121 2986 111
135 2938 306 3006 Aristoteles,
324 2961 374 2996 aus
392 2941 454 2996 dem
471 2940 516 2996 die
527 2940 653 2994 Gestirne
671 2939 822 3003 entstehen‚
840 2939 884 2994 die
901 2939 1150 3009 gottlicherNatur
1164 2939 1234 2995 sind.

79 2999 151 3075 Diog.
169 3009 264 3066 Laert.
282 3011 308 3064 V
320 3014 353 3064 32
372 3005 447 3066 εἶναι
465 3010 545 3085 παρὰ
564 3011 598 3064 τὰ
616 3013 747 3083 τέσσαρα
767 3017 897 3100 usurpato
916 3008 972 3074 (die
983 3009 1135 3064 Elementa:
1155 3009 1234 3064 Wes-

81 3076 214 3142 11111111,
234 3080 329 3142 Fauor,
343 3079 426 3146 Erde)
446 3077 580 3134 11111111
600 3082 737 3149 πέμπτον,
758 3079 792 3140 ἐξ
811 3099 845 3133 ou
864 3077 899 3130 τὰ
913 3080 1035 3153 αἰθέρια
1049 3079 1232 3134 συνεστάναι.

81 3135 146 3196 Dens
161 3147 224 3203 aber
243 3167 294 3202 aus
312 3148 413 3203 diesem
431 3146 541 3202 11111111
558 3145 735 3200 Grundetoffe
752 3144 797 3199 die
809 3145 946 3200 Vernunlb
963 3147 1020 3201 und
1039 3145 1086 3200 der
1097 3146 1234 3202 Verstand

83 3207 156 3270 (ratio
171 3221 197 3272 et
214 3217 414 3288 intellegentia)
442 3215 600 3278 entstehen,
627 3215 698 3268 lehrt
721 3214 883 3270 Aristoteles
908 3213 1047 3284 nirgends.
1083 3215 1234 3270 Denselben

83 3272 192 3341 Irrthum
210 3285 314 3357 begeht
332 3287 389 3342 Cic.
407 3287 487 3340 Tusa.
504 3285 520 3340 Ι
539 3282 855 3347 1111111111-
874 3301 936 3336 cum
954 3285 1086 3352 quattuor
1103 3285 1170 3336 nota
1187 3282 1234 3338 illa

81 3359 170 3412 genera
185 3355 385 3427 principiorum
403 3357 474 3410 esset
491 3353 653 3424 complexus,
671 3370 685 3406 c
703 3351 802 3423 quibus
821 3351 914 3406 omnia
931 3354 1088 3413 orerentur,
1107 3351 1234 3431 quintam

82 3420 207 3490 quandam
228 3429 357 3479 naturam
376 3427 466 3478 censet
484 3440 549 3484 esse,
568 3440 582 3476 e
599 3440 653 3492 qua
671 3421 709 3476 sit
727 3439 811 3476 mens.
895 3419 984 3475 Zeno
1003 3419 1036 3474 id
1054 3418 1145 3482 dixit
1162 3437 1234 3474 esse

82 3498 91 3531 1
116 3503 208 3558 nem„
218 3492 297 3547 nicht
314 3494 408 3556 Fauor,
427 3492 544 3547 sonderu
561 3491 691 3546 vielmehr
708 3489 857 3560 fenerartig
875 3487 939 3543 oder
957 3488 1001 3543 ein
1018 3487 1235 3546 durohwarmter

107 3557 170 3612 auch
188 3564 316 3629 (πνεῦμα
336 3565 483 3635 ἔνθερμον
502 3561 582 3631 Diog.
600 3560 694 3614 baert.
712 3560 768 3614 VII
787 3561 858 3625 157).
882 3557 944 3628 Vgl.
962 3558 1041 3612 Tusc.
1059 3557 1075 3612 I
1093 3561 1117 3619 9,
1137 3562 1169 3611 19
1188 3557 1234 3612 Ze·

13 3687 14 3690 ,
83 3624 142 3678 11011‘1
156 3628 251 3712 Stqiqo
269 3630 384 3711 animus·
395 3630 469 3710 ignis
482 3629 609 3711 'videtum
639 3627 737 3709 andere
755 3626 840 3710 schpn
858 3625 891 3682 de
902 3629 965 3706 unat.
985 3624 1058 3679 deor.
1076 3625 1122 3680 III
1141 3629 1181 3688 14,
1201 3628 1233 3678 35

82 3696 252 3824 1111111
266 3695 1234 3832 1111111111111101111111111111111111111111111

84 3822 124 3882 dar
139 3833 252 3907 puysie,
271 3836 333 3892 dem
350 3836 481 3901 Heraclit,
509 3835 621 3892 welcher
638 3837 708 3890 statt
735 3833 781 3889 des
799 3833 899 3888 Feuers
925 3831 997 3886 auch
1022 3831 1156 3903 geradezu
1182 3832 1235 3886 deu

84 3891 180 3968 Haurh,
200 3904 244 3961 die
261 3906 350 3980 ψυχή,
369 3909 454 3961 111111
475 3905 532 3960 und
560 3903 603 3960 die
621 3904 695 3960 Seele
722 3903 762 3958 111
789 3903 911 3974 feurigeu
929 3901 1030 3956 Hauch
1056 3900 1235 3957 bezeichnete.

84 3959 164 4025 Ueber
180 3974 306 4030 Heraclit
324 3993 346 4029 s.
364 3995 399 4029 zu
416 3976 446 4030 II
464 3979 489 4039 5,
510 3979 550 4027 15.

144 4038 191 4096 13.
210 4062 296 4115 quae
313 4044 348 4114 gi
377 4047 508 4098 nuntur
526 4062 540 4098 e
558 4045 664 4106 terra,
682 4043 732 4096 das
749 4039 959 4104 Pflanzenreich‚
977 4040 1012 4094 τὰ
1032 4039 1117 4110 φυτά,
1137 4038 1234 4094 111111

86 4063 634 4177 1110.92611111111111111133
661 4128 692 4164 ea
719 4127 788 4179 quae
815 4113 888 4166 terra
910 4109 1010 4182 gignit.
1046 4108 1109 4178 Vgl.
1128 4107 1161 4161 de
1179 4124 1234 4161 sen.

86 4171 120 4231 15·
137 4179 168 4232 52
185 4181 242 4236 vim
259 4182 350 4252 ipsam
368 4182 491 4236 omnium
510 4199 578 4252 quae
595 4189 761 4248 generantur
778 4197 792 4232 e
810 4182 891 4233 terra.
927 4179 960 4233 de
977 4179 1034 4231 nat.
1054 4176 1125 4230 deor.
1143 4175 1175 4228 H
1194 4178 1234 4238 10,

86 4237 114 4290 2⁸
130 4261 158 4299 ea
175 4268 290 4320 quorum
309 4250 406 4322 stirpes
424 4255 497 4306 terra
515 4249 697 4304 eontinentur.
733 4251 774 4312 99,
787 4251 821 4301 89
840 4267 871 4302 11
889 4265 958 4316 quae
976 4265 992 4300 1
1010 4249 1082 4300 terra
1101 4242 1235 4314 stirpibus

85 4313 255 4376 continentur.
309 4338 474 4390 quamque
492 4318 530 4373 de
548 4318 655 4372 variis
672 4316 770 4372 rebus
790 4321 824 4372 st.
842 4333 978 4386 quamque
994 4314 1077 4368 variis
1096 4312 1129 4367 de
1146 4311 1235 4368 rebus.

121 4395 268 4458 Rolstein,
283 4404 331 4446 (111.
346 4405 372 4446 de
386 4405 424 4446 fin.
989 4403 1020 4452 12
