3020 4948
206 337 267 400 116
441 334 492 388 mc
509 333 662 388 FINIBUS
681 331 866 388 BONORUM
884 331 931 386 ΕΤ
950 330 1140 386 MALORUM

205 528 282 571 nem
305 527 380 569 cnm
403 509 460 570 aut
479 503 595 568 scribis
619 510 678 567 aut
699 503 796 586 legis,
822 524 897 566 cum
921 502 1066 566 omnium
1090 503 1265 579 factorum,
1291 523 1371 566 cum

204 609 377 693 regionum
401 608 566 693 conquiris
590 605 778 684 historiam,
804 605 955 692 signum,
980 607 1115 685 tabula,
1140 606 1234 670 locus
1256 627 1371 670 amoe-

205 734 286 790 nus,
320 711 410 796 ludi,
443 710 596 790 venatio,
621 709 701 773 villa
723 708 858 774 Luculli
880 747 921 756 -
945 731 1022 773 nam
1045 709 1073 772 si
1095 714 1186 772 tuam
1209 708 1369 788 dicerem,

205 815 368 878 latebram
391 813 546 878 haberes:
586 812 628 876 ad
651 833 769 896 corpus
793 810 920 876 diceres
951 810 1115 895 pertinere
1139 849 1199 890 -,
1234 811 1293 874 scd
1316 833 1368 889 ea,

206 939 289 1000 quae
313 913 391 994 dixi,
417 916 458 979 ad
482 936 643 1000 corpusne
666 913 791 988 refers,
817 937 860 978 an
883 919 935 976 est
957 909 1103 998 aliquid,
1138 913 1226 998 quod
1248 919 1283 976 te
1306 935 1372 976 sua

206 1029 324 1104 sponte
349 1019 515 1085 delectet?
561 1021 632 1082 Aut
654 1016 938 1101 pertinacissimus
966 1015 1087 1097 fueris,
1121 1017 1149 1080 si
1180 1016 1370 1101 perstiteris

205 1123 246 1188 ad
270 1145 387 1208 corpus
412 1144 470 1200 ea,
495 1143 577 1204 quae
602 1120 689 1200 dixi,
724 1120 846 1185 referre
870 1127 928 1184 aut
951 1120 1135 1184 deserueris
1157 1127 1265 1186 totam
1288 1119 1370 1205 Epi-

206 1226 275 1290 curi
298 1225 516 1308 voluptatem,
542 1223 571 1286 si
593 1224 778 1308 negaveris.
825 1222 914 1308 (108)
938 1222 1038 1288 Quod
1053 1245 1130 1288 vero
1155 1246 1173 1287 a
1195 1231 1231 1287 te
1253 1223 1370 1306 dispu-

126 1333 130 1340 ’
203 1334 315 1391 tatum
339 1332 411 1406 est,
443 1325 583 1389 maiores
607 1346 680 1390 esse
702 1325 895 1409 voluptates
918 1330 953 1388 et
976 1325 1106 1390 dolores
1138 1323 1239 1390 animi
1270 1348 1370 1408 qnam

206 1428 363 1514 corporis,
389 1427 465 1511 quia
479 1427 581 1492 trium
603 1435 792 1512 temporum
814 1427 979 1514 particeps
1003 1427 1131 1492 animus
1154 1427 1211 1508 sit,
1231 1443 1370 1510 corpore

206 1535 316 1596 autem
339 1529 528 1614 praesencia
551 1529 660 1593 solum
683 1528 879 1607 sentiantur,
905 1529 962 1612 qui
983 1530 1017 1594 id
1032 1529 1166 1614 probari
1179 1535 1305 1614 potest,
1330 1534 1372 1594 ut

206 1634 244 1712 is,
270 1633 326 1718 qui
349 1638 483 1718 propter
505 1655 557 1697 me
581 1633 703 1716 aliquid
728 1635 883 1718 gaudeat,
908 1635 983 1719 plus
1007 1656 1105 1718 quam
1120 1655 1184 1718 ego
1199 1633 1270 1718 ipse
1287 1656 1370 1718 gau-

206 1737 308 1803 deat?
355 1736 490 1822 [Animo
515 1737 669 1820 voluptas
694 1735 798 1800 oritur
821 1749 955 1820 propter
978 1737 1185 1821 voluptatem
1210 1737 1367 1822 corporis,

206 1845 241 1904 et
262 1839 367 1904 maior
389 1847 441 1904 est
464 1839 565 1902 animi
587 1838 741 1923 voluptas
765 1862 862 1923 quam
887 1840 1050 1924 corporis:
1093 1840 1140 1903 ita
1162 1839 1203 1904 fit
1225 1845 1263 1903 ut
1293 1863 1371 1924 gra-

205 1942 333 2005 tulator
356 1941 474 2006 laetior
498 1942 542 2004 sit
566 1964 663 2024 quam
687 1941 725 2020 is,
752 1942 805 2005 cui
827 1943 1047 2026 gratulatum]
1094 1941 1171 2020 Sed,
1197 1941 1275 2006 dum
1298 1945 1370 2008 effi-

206 2066 280 2110 cere
296 2045 398 2110 vultis
421 2046 558 2110 beatum
581 2046 775 2130 sapientem,
801 2067 875 2108 cum
899 2045 1058 2110 maximas
1082 2045 1191 2110 animo
1215 2046 1371 2130 volupta-

205 2157 257 2214 tes
290 2148 452 2234 percipiat
483 2147 701 2234 omnibusque
735 2145 884 2232 partibus
918 2149 1057 2214 maiores
1090 2171 1188 2233 quam
1220 2170 1370 2232 corpore,

207 2337 309 2392 chonen
326 2336 556 2408 Tagonden’,Nii
590 2337 700 2400 lsb.91‚
721 2342 744 2392 1.
797 2337 979 2408 conquiris
997 2337 1191 2392 historiam.
1215 2337 1286 2391 Dass
1304 2337 1373 2392 'lor-

207 2411 308 2477 quotus
325 2405 387 2460 dem
405 2405 535 2461 Studium
572 2423 601 2462 er
618 2405 780 2461 Geschichte
798 2405 855 2461 und
873 2405 986 2460 anderer
1003 2405 1238 2460 wissenschaften
1255 2406 1374 2477 ergeben

208 2493 271 2538 war,
289 2476 328 2529 ist
345 2474 431 2528 sehon
448 2476 463 2528 Ι
481 2478 505 2538 t,
524 2478 557 2528 25
576 2473 743 2544 angadeutet
760 2474 878 2529 worden.
973 2475 1005 2528 L.
1023 2474 1185 2530 Licinius
1203 2475 1373 2531 Lucullus

179 2547 183 2554 '
207 2544 260 2598 mit
277 2543 339 2597 dem
357 2542 506 2597 Boinamen
523 2542 665 2604 Ponticus,
684 2542 731 2598 der
749 2543 791 2598 bis
810 2562 873 2598 zum
891 2543 1011 2600 ltintritt
1029 2542 1076 2598 dcc
1095 2543 1241 2614 Pompejus
1260 2543 1279 2598 i.
1291 2545 1319 2599 J.
1337 2548 1374 2598 61

207 2611 260 2666 den
276 2610 437 2666 Oberbefchl
460 2626 546 2692 gegen
564 2611 742 2667 Mithridates
766 2611 875 2674 ffihrte,
899 2629 954 2666 wer
977 2612 1064 2666 durch
1087 2612 1179 2666 seincn
1203 2612 1373 2668 Rcichthnm

207 2681 264 2734 fast
281 2679 507 2750 spriichwdrthch
559 2679 676 2734 worden.
711 2680 815 2750 Wegen
833 2680 881 2734 der
898 2680 1003 2735 Pracht
1019 2681 1107 2736 seiner
1124 2681 1213 2736 Villen
1230 2681 1275 2748 (de
1293 2681 1374 2736 off.1

208 2747 506 2816 39,140),bes0nders
543 2767 572 2802 er
589 2749 660 2804 auch
678 2747 711 2803 de
728 2749 773 2803 fin.
791 2750 837 2804 III
854 2753 914 2813 2,7
939 2750 1096 2804 erwiihnten
1125 2749 1189 2804 villa
1207 2750 1373 2816 Tusculum,

206 2817 274 2872 wird
292 2835 321 2871 cr
338 2816 372 2871 dc
388 2817 412 2870 lc
433 2858 439 2871 .
457 2817 503 2872 ΙΠ
522 2821 562 2880 13,
581 2821 614 2870 30
632 2816 761 2940 potedelt.
820 2817 879 2872 sed
897 2836 1037 2889 eaquae
1055 2818 1203 2874 dixistis
1223 2819 1284 2880 eine¹
1298 2821 1372 2874 Ana-

208 2885 340 2948 koluthie,
358 2885 422 2941 welo
442 2904 457 2940 c
474 2885 561 2940 durch
578 2885 623 2941 die
656 2886 797 2941 aranthese
815 2888 891 2952 (nam
909 2887 933 2942 si
953 2918 983 2928 -
1002 2888 1147 2958 pertinere)
1166 2887 1373 2958 herheigefuhrt

207 2954 306 3018 warde,
324 2954 416 3008 indem
434 2954 490 3009 (lio.
508 2972 555 3008 ver
574 2972 626 3018 ass,
645 2954 709 3008 dass
726 2973 755 3010 er
772 2954 826 3012 den
844 2973 931 3010 neuen
948 2955 1014 3010 Sata
1038 2957 1091 3010 mit
1107 2956 1304 3011 Nominctiven
1327 2957 1372 3012 be·

227 3042 316 3078 onnen
335 3023 427 3078 hatte:
458 3022 512 3078 ‘die
528 2973 669 3078 Ahfassun
707 3023 771 3078 oder
789 3025 881 3078 Iaesnn
918 3024 991 3078 eines
1009 3024 1168 3090 taricheas,
1196 3026 1271 3081 einer
1287 3026 1372 3092 Rode,

207 3043 257 3146 das
276 3091 406 3146 Studium
424 3092 472 3146 der
488 3043 735 3163 weltgesohioite,
754 3092 802 3148 der
819 3043 1039 3158 hinderkunde‚
1066 3094 1125 3148 eina
1142 3094 1297 3160 Bildstuls,
1324 3096 1372 3151 ein

207 3159 337 3219 Gemdlde
354 3180 381 3214 n.
400 3179 422 3215 s.
441 3163 481 3214 w!
500 3161 562 3231 Vgl.
582 3162 669 3224 1113,
690 3166 720 3216 11
740 3165 844 3218 ceterae
861 3162 1085 3234 philosophorum
1104 3162 1313 3244 disciplinae-
1325 3181 1373 3218 cas

206 3247 262 3286 non
279 3229 360 3284 modo
378 3228 449 3284 nihil
466 3229 594 3286 adiuvare
612 3231 739 3286 arbitror.
775 3233 854 3286 Tusc.
873 3232 960 3296 1118,
981 3235 1013 3285 16
1032 3231 1211 3287 omniscium
1230 3231 1372 3288 abstinen-

206 3298 255 3363 tie,
273 3298 362 3353 omnis
388 3299 545 3354 innocentia
565 3329 595 3338 -
614 3299 733 3369 reliquas
759 3300 843 3355 etiam
869 3300 988 3356 virtutes
1014 3301 1159 3372 frugalitas
1186 3301 1318 3356 continet.
1337 3331 1372 3340 -

206 3368 295 3423 Uehcr
313 3367 367 3422 sed.
387 3387 409 3422 s.
426 3386 461 3422 au
480 3367 504 3421 V
523 3372 565 3431 23,
584 3372 624 3422 64.
729 3369 933 3439 perstiteris
954 3399 986 3408 -
1004 3370 1138 3425 referre.
1188 3373 1259 3424 ersto
1279 3388 1300 3426 c.
1320 3370 1371 3424 rur.

205 3436 291 3491 findet
309 3437 367 3490 sich
385 3435 428 3490 bei
446 3435 501 3490 Cic.
519 3455 572 3490 nur
590 3437 649 3491 hier
666 3437 722 3491 und
741 3441 819 3492 sonst
836 3438 865 3491 in
892 3437 978 3492 Prosa
1005 3457 1058 3493 nur
1083 3438 1128 3493 bei
1177 3439 1267 3494 acitus
1293 3442 1371 3506 (ann.

205 3505 253 3560 III
270 3509 311 3560 70.
335 3505 377 3559 IV
394 3508 435 3558 38.
458 3505 528 3559 XIV
546 3510 597 3574 60).
632 3506 712 3561 Iusto
730 3506 873 3561 verbindet
890 3505 945 3561 cio.
963 3508 1016 3562 mit
1034 3507 1097 3562 dem
1113 3506 1167 3562 Inl.
1187 3525 1225 3563 or.
1243 3508 1274 3562 in
1291 3507 1372 3562 Verr.

208 3573 254 3629 ΙΠ
271 3577 313 3637 59,
334 3577 383 3628 136
401 3572 458 3628 und
475 3572 512 3628 ad
529 3573 594 3629 fam.
613 3573 640 3628 X
660 3577 700 3637 16,
721 3581 743 3629 1.

276 3641 347 3697 108.
384 3645 451 3696 ate
468 3641 683 3713 disputatum
703 3645 906 3707 est117‚55.
969 3643 1026 3714 qui
1043 3643 1078 3698 id
1095 3644 1237 3715 probari
1254 3649 1372 3715 potest

207 3713 254 3766 ut.
288 3710 442 3766 Auffallcnd
460 3711 498 3765 ist
515 3715 548 3766 ut
565 3712 636 3766 nach
673 3713 776 3778 rohari;
804 3731 832 3766 es
849 3713 934 3766 findet
953 3713 1011 3766 sich
1025 3712 1125 3783 jedoch
1144 3732 1196 3768 nur
1214 3713 1285 3768 nach
1308 3714 1372 3769 dem

209 3778 357 3833 stehenden
374 3779 521 3859 husdruck
538 3783 587 3861 qui
604 3731 714 3851 prolati
731 3783 823 3852 potest
841 3781 880 3835 im
898 3781 982 3835 Sinne
998 3800 1051 3836 von
1070 3799 1125 3836 non
1142 3786 1234 3853 potest
1251 3783 1372 3853 probari,

209 3847 249 3902 als
267 3865 344 3902 wenn
362 3846 406 3902 dre
423 3848 648 3919 Unmtglrchkeit
667 3850 739 3904 einer
756 3849 909 3919 Handlung
927 3851 1084 3921 angegeben
1101 3851 1206 3914 wiirde,
1225 3852 1303 3906 nicht
1321 3853 1372 3906 das

208 3915 306 3996 Object
323 3917 395 3970 eines
413 3917 526 3972 verbum
545 3918 687 3972 sentiendi.
707 3920 786 3973 Taso.
805 3918 892 3983 1113,
911 3923 926 3971 5
945 3919 993 3989 qui
1011 3938 1073 3974 vero
1091 3920 1201 3990 probari
1217 3924 1319 3991 potest,
1338 3925 1372 3976 ut

209 3984 263 4039 sihi
280 3985 381 4039 mederi
398 3986 507 4041 animus
525 4005 581 4041 non
597 3987 702 4057 possit?
738 3986 852 4057 Madvig
871 3991 884 4052 ἓ
903 3991 954 4040 374
976 3989 1057 4044 Anm.
1077 3992 1100 4042 2.
1170 3990 1293 4044 Animo
1311 4009 1370 4044 vo-

207 4053 326 4125 luptas
347 4085 375 4093 -
395 4057 602 4124 gratulatur.
638 4055 720 4110 Diese
737 4055 832 4110 Worte
849 4055 912 4110 sind
931 4055 1041 4112 deshalb
1059 4056 1230 4128 verdiiohtig,
1253 4059 1314 4114 weil
1332 4059 1372 4114 sie

208 4141 260 4177 nur
279 4122 338 4177 eine
355 4123 524 4195 Paraphrase
545 4123 592 4177 des
616 4123 743 4178 friiheren
756 4124 906 4180 cedanken
924 4126 1018 4206 geben,
1037 4125 1100 4182 dass
1118 4126 1234 4248 {cistige
1245 4128 1372 4182 Freudcn

208 4191 355 4246 erhabencr
372 4193 446 4246 seicn
464 4193 503 4247 als
522 4191 660 4246 sinaliche.
679 4193 758 4248 Auoh
776 4194 805 4248 in
823 4194 1004 4264 sprachhcher
1023 4195 1120 4250 Hiusic
1140 4201 1153 4249 t
1170 4197 1209 4250 ist
1226 4195 1269 4250 die
1288 4197 1372 4251 Stelle

208 4261 394 4316 annufeohten.
430 4262 498 4314 Man
524 4265 649 4316 erwartot
676 4261 719 4316 die
736 4262 859 4317 Partikel
885 4263 932 4318 der
948 4262 1144 4334 Begriindung.
1179 4265 1280 4319 Femer
1306 4272 1372 4336 sagt

209 4329 264 4383 Cic.
284 4335 350 4384 stete
370 4329 455 4383 animi
473 4331 607 4401 voluptas.
643 4331 700 4384 Das
717 4335 825 4402 grdsste
842 4331 987 4386 Bedenkeu
1005 4333 1112 4386 endlich
1130 4337 1219 4404 crregt
1237 4333 1286 4388 das
1304 4353 1370 4390 nen·
