<?xml version="1.0" encoding="UTF-8"?>
<!DOCTYPE html PUBLIC "-//W3C//DTD XHTML 1.0 Transitional//EN"
    "http://www.w3.org/TR/xhtml1/DTD/xhtml1-transitional.dtd">
<html xmlns="http://www.w3.org/1999/xhtml" xml:lang="en" lang="en">
 <head>
  <title>
</title>
<meta http-equiv="Content-Type" content="text/html;charset=utf-8" />
  <meta name='ocr-system' content='tesseract 3.04.00' />
  <meta name='ocr-capabilities' content='ocr_page ocr_carea ocr_par ocr_line ocrx_word'/>
</head>
<body>
  <div class='ocr_page' id='page_1' title='image "./definibusbonoru00holsgoog_0265.png"; bbox 0 0 2974 4950; ppageno 0'>
   <div class='ocr_carea' id='block_1_1' title="bbox 387 307 1256 378">
    <p class='ocr_par' dir='ltr' id='par_1_1' title="bbox 387 307 1256 378">
     <span class='ocr_line' id='line_1_1' title="bbox 387 307 1256 378; baseline 0.008 -16"><span class='ocrx_word' id='word_1_1' title='bbox 387 308 449 363; x_wconf 76' lang='lat' dir='ltr'>Lm.</span> <span class='ocrx_word' id='word_1_2' title='bbox 467 308 500 362; x_wconf 90' lang='lat' dir='ltr'>V.</span> <span class='ocrx_word' id='word_1_3' title='bbox 536 307 601 363; x_wconf 72' lang='lat' dir='ltr'>Ore.</span> <span class='ocrx_word' id='word_1_4' title='bbox 619 309 783 363; x_wconf 85' lang='lat' dir='ltr'>XIV—XV.</span> <span class='ocrx_word' id='word_1_5' title='bbox 820 312 848 374; x_wconf 61' lang='grc' dir='ltr'>ἐξ</span> <span class='ocrx_word' id='word_1_6' title='bbox 867 313 977 365; x_wconf 83' lang='grc'><strong>40-42.</strong></span> <span class='ocrx_word' id='word_1_7' title='bbox 1194 316 1256 378; x_wconf 79' lang='grc'>243</span> 
     </span>
    </p>
   </div>
   <div class='ocr_carea' id='block_1_2' title="bbox 97 477 1257 880">
    <p class='ocr_par' dir='ltr' id='par_1_2' title="bbox 97 477 1257 880">
     <span class='ocr_line' id='line_1_2' title="bbox 98 477 1257 567; baseline 0.008 -27"><span class='ocrx_word' id='word_1_8' title='bbox 98 477 221 540; x_wconf 89' lang='lat' dir='ltr'>summi</span> <span class='ocrx_word' id='word_1_9' title='bbox 243 478 323 542; x_wconf 92' lang='lat' dir='ltr'>boni</span> <span class='ocrx_word' id='word_1_10' title='bbox 344 479 443 542; x_wconf 88' lang='lat' dir='ltr'>finem</span> <span class='ocrx_word' id='word_1_11' title='bbox 465 479 655 557; x_wconf 77' lang='lat' dir='ltr'><strong>consistere,</strong></span> <span class='ocrx_word' id='word_1_12' title='bbox 682 501 754 544; x_wconf 90' lang='lat' dir='ltr'>eum</span> <span class='ocrx_word' id='word_1_13' title='bbox 770 480 871 565; x_wconf 87' lang='lat' dir='ltr'>longe</span> <span class='ocrx_word' id='word_1_14' title='bbox 887 481 1093 566; x_wconf 90' lang='lat' dir='ltr'>multumque</span> <span class='ocrx_word' id='word_1_15' title='bbox 1109 491 1257 567; x_wconf 89' lang='lat' dir='ltr'>praestet</span> 
     </span>
     <span class='ocr_line' id='line_1_3' title="bbox 98 581 1255 672; baseline 0.008 -28"><span class='ocrx_word' id='word_1_16' title='bbox 98 603 194 644; x_wconf 91' lang='lat' dir='ltr'>mens</span> <span class='ocrx_word' id='word_1_17' title='bbox 226 588 325 665; x_wconf 89' lang='lat' dir='ltr'>atque</span> <span class='ocrx_word' id='word_1_18' title='bbox 356 581 466 646; x_wconf 81' lang='lat' dir='ltr'>ratio?</span> <span class='ocrx_word' id='word_1_19' title='bbox 512 583 565 648; x_wconf 88' lang='lat' dir='ltr'>Sic</span> <span class='ocrx_word' id='word_1_20' title='bbox 604 584 709 646; x_wconf 66' lang='lat' dir='ltr'>exstiti</span> <span class='ocrx_word' id='word_1_21' title='bbox 760 591 943 648; x_wconf 83' lang='lat' dir='ltr'>extremum</span> <span class='ocrx_word' id='word_1_22' title='bbox 976 586 1121 654; x_wconf 88' lang='lat' dir='ltr'>omnium</span> <span class='ocrx_word' id='word_1_23' title='bbox 1157 611 1255 672; x_wconf 87' lang='lat' dir='ltr'>appe·</span> 
     </span>
     <span class='ocr_line' id='line_1_4' title="bbox 97 684 1255 772; baseline 0.007 -23"><span class='ocrx_word' id='word_1_24' title='bbox 97 684 276 749; x_wconf 86' lang='lat' dir='ltr'>tendorum</span> <span class='ocrx_word' id='word_1_25' title='bbox 308 691 407 770; x_wconf 87' lang='lat' dir='ltr'>atque</span> <span class='ocrx_word' id='word_1_26' title='bbox 439 687 574 751; x_wconf 88' lang='lat' dir='ltr'>ductum</span> <span class='ocrx_word' id='word_1_27' title='bbox 607 708 626 750; x_wconf 92' lang='lat' dir='ltr'>a</span> <span class='ocrx_word' id='word_1_28' title='bbox 656 687 763 772; x_wconf 90' lang='lat' dir='ltr'>prima</span> <span class='ocrx_word' id='word_1_29' title='bbox 800 689 1083 754; x_wconf 88' lang='lat' dir='ltr'>commendatione</span> <span class='ocrx_word' id='word_1_30' title='bbox 1119 699 1255 757; x_wconf 86' lang='lat' dir='ltr'>naturae</span> 
     </span>
     <span class='ocr_line' id='line_1_5' title="bbox 98 789 1256 880; baseline 0.006 -27"><span class='ocrx_word' id='word_1_31' title='bbox 98 789 215 853; x_wconf 89' lang='lat' dir='ltr'>multis</span> <span class='ocrx_word' id='word_1_32' title='bbox 238 789 396 872; x_wconf 73' lang='lat' dir='ltr'>gradibus</span> <span class='ocrx_word' id='word_1_33' title='bbox 420 791 610 864; x_wconf 83' lang='lat' dir='ltr'>adscendit,</span> <span class='ocrx_word' id='word_1_34' title='bbox 634 795 673 854; x_wconf 90' lang='lat' dir='ltr'>ut</span> <span class='ocrx_word' id='word_1_35' title='bbox 695 791 737 854; x_wconf 88' lang='lat' dir='ltr'>ad</span> <span class='ocrx_word' id='word_1_36' title='bbox 759 814 924 855; x_wconf 90' lang='lat' dir='ltr'>summum</span> <span class='ocrx_word' id='word_1_37' title='bbox 945 794 1141 876; x_wconf 86' lang='lat' dir='ltr'>perveniret,</span> <span class='ocrx_word' id='word_1_38' title='bbox 1168 797 1256 880; x_wconf 91' lang='lat' dir='ltr'>quod</span> 
     </span>
    </p>
   </div>
   <div class='ocr_carea' id='block_1_3' title="bbox 98 892 1255 1058">
    <p class='ocr_par' dir='ltr' id='par_1_3' title="bbox 98 892 1255 1058">
     <span class='ocr_line' id='line_1_6' title="bbox 99 892 1255 984; baseline 0.006 -28"><span class='ocrx_word' id='word_1_39' title='bbox 99 892 288 958; x_wconf 85' lang='lat' dir='ltr'>cumulatur</span> <span class='ocrx_word' id='word_1_40' title='bbox 310 915 351 958; x_wconf 83' lang='lat' dir='ltr'>ex</span> <span class='ocrx_word' id='word_1_41' title='bbox 373 893 567 977; x_wconf 81' lang='lat' dir='ltr'>integritate</span> <span class='ocrx_word' id='word_1_42' title='bbox 595 893 738 977; x_wconf 89' lang='lat' dir='ltr'>corporis</span> <span class='ocrx_word' id='word_1_43' title='bbox 769 901 804 958; x_wconf 87' lang='lat' dir='ltr'>et</span> <span class='ocrx_word' id='word_1_44' title='bbox 827 916 867 959; x_wconf 83' lang='lat' dir='ltr'>ex</span> <span class='ocrx_word' id='word_1_45' title='bbox 890 895 1010 960; x_wconf 90' lang='lat' dir='ltr'>mentis</span> <span class='ocrx_word' id='word_1_46' title='bbox 1032 897 1159 962; x_wconf 87' lang='lat' dir='ltr'>ratione</span> <span class='ocrx_word' id='word_1_47' title='bbox 1181 921 1255 984; x_wconf 85' lang='lat' dir='ltr'>per·</span> 
     </span>
     <span class='ocr_line' id='line_1_7' title="bbox 98 994 199 1058; baseline 0 0"><span class='ocrx_word' id='word_1_48' title='bbox 98 994 199 1058; x_wconf 87' lang='lat' dir='ltr'>fecta.</span> 
     </span>
    </p>
   </div>
   <div class='ocr_carea' id='block_1_4' title="bbox 76 1095 1267 2616">
    <p class='ocr_par' dir='ltr' id='par_1_4' title="bbox 76 1095 1267 2616">
     <span class='ocr_line' id='line_1_8' title="bbox 185 1095 1254 1184; baseline 0.007 -25"><span class='ocrx_word' id='word_1_49' title='bbox 185 1097 261 1160; x_wconf 89' lang='lat' dir='ltr'>XV.</span> <span class='ocrx_word' id='word_1_50' title='bbox 292 1095 353 1180; x_wconf 77' lang='lat' dir='ltr'>(ll)</span> <span class='ocrx_word' id='word_1_51' title='bbox 370 1097 453 1161; x_wconf 84' lang='lat' dir='ltr'>Cum</span> <span class='ocrx_word' id='word_1_52' title='bbox 469 1098 572 1182; x_wconf 89' lang='lat' dir='ltr'>igitur</span> <span class='ocrx_word' id='word_1_53' title='bbox 588 1119 626 1162; x_wconf 86' lang='lat' dir='ltr'>ea</span> <span class='ocrx_word' id='word_1_54' title='bbox 641 1098 695 1176; x_wconf 86' lang='lat' dir='ltr'>sit,</span> <span class='ocrx_word' id='word_1_55' title='bbox 714 1120 811 1181; x_wconf 87' lang='lat' dir='ltr'>quam</span> <span class='ocrx_word' id='word_1_56' title='bbox 828 1099 975 1184; x_wconf 81' lang='lat' dir='ltr'>exposui,</span> <span class='ocrx_word' id='word_1_57' title='bbox 994 1099 1098 1164; x_wconf 85' lang='lat' dir='ltr'>forma</span> <span class='ocrx_word' id='word_1_58' title='bbox 1109 1108 1254 1182; x_wconf 86' lang='lat' dir='ltr'>naturae,</span> 
     </span>
     <span class='ocr_line' id='line_1_9' title="bbox 98 1197 1254 1287; baseline 0.006 -27"><span class='ocrx_word' id='word_1_59' title='bbox 98 1198 137 1275; x_wconf 88' lang='lat' dir='ltr'>si,</span> <span class='ocrx_word' id='word_1_60' title='bbox 162 1202 201 1260; x_wconf 91' lang='lat' dir='ltr'>ut</span> <span class='ocrx_word' id='word_1_61' title='bbox 214 1197 308 1262; x_wconf 89' lang='lat' dir='ltr'>initio</span> <span class='ocrx_word' id='word_1_62' title='bbox 326 1199 404 1278; x_wconf 84' lang='lat' dir='ltr'>dixi,</span> <span class='ocrx_word' id='word_1_63' title='bbox 430 1198 649 1282; x_wconf 75' lang='lat' dir='ltr'>simulatque</span> <span class='ocrx_word' id='word_1_64' title='bbox 674 1206 765 1263; x_wconf 90' lang='lat' dir='ltr'>ortus</span> <span class='ocrx_word' id='word_1_65' title='bbox 790 1205 889 1279; x_wconf 90' lang='lat' dir='ltr'>esset,</span> <span class='ocrx_word' id='word_1_66' title='bbox 915 1223 949 1265; x_wconf 89' lang='lat' dir='ltr'>se</span> <span class='ocrx_word' id='word_1_67' title='bbox 973 1202 1109 1285; x_wconf 89' lang='lat' dir='ltr'>quisque</span> <span class='ocrx_word' id='word_1_68' title='bbox 1133 1224 1254 1287; x_wconf 89' lang='lat' dir='ltr'>cogno-</span> 
     </span>
     <span class='ocr_line' id='line_1_10' title="bbox 97 1299 1254 1386; baseline 0.006 -24"><span class='ocrx_word' id='word_1_69' title='bbox 97 1306 208 1364; x_wconf 86' lang='lat' dir='ltr'>sceret</span> <span class='ocrx_word' id='word_1_70' title='bbox 235 1299 443 1385; x_wconf 76' lang='lat' dir='ltr'>iudicareque</span> <span class='ocrx_word' id='word_1_71' title='bbox 466 1306 598 1386; x_wconf 88' lang='lat' dir='ltr'>posset,</span> <span class='ocrx_word' id='word_1_72' title='bbox 639 1323 721 1386; x_wconf 91' lang='lat' dir='ltr'>quae</span> <span class='ocrx_word' id='word_1_73' title='bbox 743 1301 793 1365; x_wconf 85' lang='lat' dir='ltr'>vis</span> <span class='ocrx_word' id='word_1_74' title='bbox 817 1307 851 1365; x_wconf 88' lang='lat' dir='ltr'>et</span> <span class='ocrx_word' id='word_1_75' title='bbox 873 1303 977 1368; x_wconf 87' lang='lat' dir='ltr'>totius</span> <span class='ocrx_word' id='word_1_76' title='bbox 1000 1309 1089 1369; x_wconf 88' lang='lat' dir='ltr'>esset</span> <span class='ocrx_word' id='word_1_77' title='bbox 1118 1311 1254 1370; x_wconf 81' lang='lat' dir='ltr'>naturae</span> 
     </span>
     <span class='ocr_line' id='line_1_11' title="bbox 98 1389 1253 1490; baseline 0.006 -24"><span class='ocrx_word' id='word_1_78' title='bbox 98 1389 137 1466; x_wconf 85' lang='lat' dir='ltr'>et</span> <span class='ocrx_word' id='word_1_79' title='bbox 161 1401 303 1486; x_wconf 87' lang='lat' dir='ltr'>partium</span> <span class='ocrx_word' id='word_1_80' title='bbox 330 1403 549 1487; x_wconf 87' lang='lat' dir='ltr'>singularum,</span> <span class='ocrx_word' id='word_1_81' title='bbox 584 1403 741 1468; x_wconf 88' lang='lat' dir='ltr'>continuo</span> <span class='ocrx_word' id='word_1_82' title='bbox 773 1403 919 1484; x_wconf 86' lang='lat' dir='ltr'>videret,</span> <span class='ocrx_word' id='word_1_83' title='bbox 953 1406 1031 1490; x_wconf 92' lang='lat' dir='ltr'>quid</span> <span class='ocrx_word' id='word_1_84' title='bbox 1063 1412 1152 1471; x_wconf 88' lang='lat' dir='ltr'>esset</span> <span class='ocrx_word' id='word_1_85' title='bbox 1179 1410 1253 1487; x_wconf 89' lang='lat' dir='ltr'>hoc,</span> 
     </span>
     <span class='ocr_line' id='line_1_12' title="bbox 98 1505 1255 1593; baseline 0.007 -25"><span class='ocrx_word' id='word_1_86' title='bbox 98 1505 186 1588; x_wconf 88' lang='lat' dir='ltr'>quod</span> <span class='ocrx_word' id='word_1_87' title='bbox 210 1505 411 1590; x_wconf 76' lang='lat' dir='ltr'>quaerimus,</span> <span class='ocrx_word' id='word_1_88' title='bbox 445 1507 591 1571; x_wconf 88' lang='lat' dir='ltr'>omnium</span> <span class='ocrx_word' id='word_1_89' title='bbox 613 1529 734 1582; x_wconf 90' lang='lat' dir='ltr'>rerum,</span> <span class='ocrx_word' id='word_1_90' title='bbox 759 1530 839 1591; x_wconf 88' lang='lat' dir='ltr'>quas</span> <span class='ocrx_word' id='word_1_91' title='bbox 864 1510 1067 1593; x_wconf 73' lang='lat' dir='ltr'>expetimus,</span> <span class='ocrx_word' id='word_1_92' title='bbox 1092 1534 1255 1591; x_wconf 81' lang='lat' dir='ltr'>summum</span> 
     </span>
     <span class='ocr_line' id='line_1_13' title="bbox 100 1606 1254 1694; baseline 0.007 -25"><span class='ocrx_word' id='word_1_93' title='bbox 100 1614 137 1670; x_wconf 89' lang='lat' dir='ltr'>et</span> <span class='ocrx_word' id='word_1_94' title='bbox 166 1606 317 1670; x_wconf 88' lang='lat' dir='ltr'>ultimum</span> <span class='ocrx_word' id='word_1_95' title='bbox 323 1656 333 1685; x_wconf 94' lang='lat'>,</span> <span class='ocrx_word' id='word_1_96' title='bbox 369 1629 429 1671; x_wconf 89' lang='lat' dir='ltr'>nec</span> <span class='ocrx_word' id='word_1_97' title='bbox 460 1608 529 1672; x_wconf 88' lang='lat' dir='ltr'>ulla</span> <span class='ocrx_word' id='word_1_98' title='bbox 560 1608 593 1673; x_wconf 94' lang='lat' dir='ltr'>in</span> <span class='ocrx_word' id='word_1_99' title='bbox 625 1631 659 1673; x_wconf 91' lang='lat' dir='ltr'>re</span> <span class='ocrx_word' id='word_1_100' title='bbox 690 1630 826 1694; x_wconf 78' lang='lat' dir='ltr'>peccare</span> <span class='ocrx_word' id='word_1_101' title='bbox 857 1617 986 1694; x_wconf 89' lang='lat' dir='ltr'>posset:</span> <span class='ocrx_word' id='word_1_102' title='bbox 1020 1634 1107 1676; x_wconf 89' lang='lat' dir='ltr'>nunc</span> <span class='ocrx_word' id='word_1_103' title='bbox 1134 1634 1254 1677; x_wconf 88' lang='lat' dir='ltr'>veroa</span> 
     </span>
     <span class='ocr_line' id='line_1_14' title="bbox 85 1709 1254 1801; baseline 0.006 -27"><span class='ocrx_word' id='word_1_104' title='bbox 85 1709 202 1794; x_wconf 83' lang='lat' dir='ltr'>primo</span> <span class='ocrx_word' id='word_1_105' title='bbox 235 1709 366 1794; x_wconf 90' lang='lat' dir='ltr'>quidem</span> <span class='ocrx_word' id='word_1_106' title='bbox 397 1710 592 1776; x_wconf 87' lang='lat' dir='ltr'>mirabiliter</span> <span class='ocrx_word' id='word_1_107' title='bbox 624 1712 757 1777; x_wconf 87' lang='lat' dir='ltr'>occulta</span> <span class='ocrx_word' id='word_1_108' title='bbox 787 1721 905 1777; x_wconf 81' lang='lat' dir='ltr'>natura</span> <span class='ocrx_word' id='word_1_109' title='bbox 937 1723 987 1777; x_wconf 87' lang='lat' dir='ltr'>est</span> <span class='ocrx_word' id='word_1_110' title='bbox 1019 1737 1080 1778; x_wconf 91' lang='lat' dir='ltr'>neo</span> <span class='ocrx_word' id='word_1_111' title='bbox 1112 1717 1254 1801; x_wconf 87' lang='lat' dir='ltr'>perspici</span> 
     </span>
     <span class='ocr_line' id='line_1_15' title="bbox 76 1811 1253 1896; baseline 0.007 -21"><span class='ocrx_word' id='word_1_112' title='bbox 76 1833 159 1896; x_wconf 50' lang='lat' dir='ltr'>,nec</span> <span class='ocrx_word' id='word_1_113' title='bbox 183 1811 339 1896; x_wconf 77' lang='lat' dir='ltr'>cognosci</span> <span class='ocrx_word' id='word_1_114' title='bbox 361 1817 484 1896; x_wconf 88' lang='lat' dir='ltr'>potest.</span> <span class='ocrx_word' id='word_1_115' title='bbox 534 1813 828 1896; x_wconf 87' lang='lat' dir='ltr'>Progredientibu&#39;s</span> <span class='ocrx_word' id='word_1_116' title='bbox 856 1821 967 1878; x_wconf 88' lang='lat' dir='ltr'>autem</span> <span class='ocrx_word' id='word_1_117' title='bbox 990 1815 1156 1880; x_wconf 86' lang='lat' dir='ltr'>aetatibus</span> <span class='ocrx_word' id='word_1_118' title='bbox 1180 1839 1253 1883; x_wconf 89' lang='lat' dir='ltr'>sen·</span> 
     </span>
     <span class='ocr_line' id='line_1_16' title="bbox 97 1915 1252 2004; baseline 0.006 -26"><span class='ocrx_word' id='word_1_119' title='bbox 97 1916 160 1978; x_wconf 87' lang='lat' dir='ltr'>sim</span> <span class='ocrx_word' id='word_1_120' title='bbox 182 1915 317 1980; x_wconf 79' lang='lat' dir='ltr'>tondere</span> <span class='ocrx_word' id='word_1_121' title='bbox 339 1915 450 2000; x_wconf 85' lang='lat' dir='ltr'>potius</span> <span class='ocrx_word' id='word_1_122' title='bbox 473 1917 566 2000; x_wconf 85' lang='lat' dir='ltr'>quasi</span> <span class='ocrx_word' id='word_1_123' title='bbox 588 1923 719 1981; x_wconf 86' lang='lat' dir='ltr'>nosmet</span> <span class='ocrx_word' id='word_1_124' title='bbox 738 1917 828 2000; x_wconf 88' lang='lat' dir='ltr'>ipsos</span> <span class='ocrx_word' id='word_1_125' title='bbox 845 1918 1087 2002; x_wconf 73' lang='lat' dir='ltr'>cognoscimus.</span> <span class='ocrx_word' id='word_1_126' title='bbox 1133 1921 1252 2004; x_wconf 87' lang='lat' dir='ltr'>Itaque</span> 
     </span>
     <span class='ocr_line' id='line_1_17' title="bbox 96 2016 1267 2101; baseline 0 -21"><span class='ocrx_word' id='word_1_127' title='bbox 96 2016 203 2101; x_wconf 87' lang='lat' dir='ltr'>prima</span> <span class='ocrx_word' id='word_1_128' title='bbox 233 2017 291 2081; x_wconf 87' lang='lat' dir='ltr'>illa</span> <span class='ocrx_word' id='word_1_129' title='bbox 321 2017 578 2098; x_wconf 73' lang='lat' dir='ltr'>commendatio,</span> <span class='ocrx_word' id='word_1_130' title='bbox 622 2041 705 2101; x_wconf 86' lang='lat' dir='ltr'>quae</span> <span class='ocrx_word' id='word_1_131' title='bbox 745 2042 764 2082; x_wconf 87' lang='lat' dir='ltr'>a</span> <span class='ocrx_word' id='word_1_132' title='bbox 794 2027 914 2084; x_wconf 87' lang='lat' dir='ltr'>natura</span> <span class='ocrx_word' id='word_1_133' title='bbox 944 2021 1049 2084; x_wconf 79' lang='lat' dir='ltr'>nostri</span> <span class='ocrx_word' id='word_1_134' title='bbox 1080 2019 1170 2085; x_wconf 85' lang='lat' dir='ltr'>fecta</span> <span class='ocrx_word' id='word_1_135' title='bbox 1202 2029 1267 2086; x_wconf 87' lang='lat' dir='ltr'>est.</span> 
     </span>
     <span class='ocr_line' id='line_1_18' title="bbox 94 2117 1253 2204; baseline 0.004 -22"><span class='ocrx_word' id='word_1_136' title='bbox 94 2118 208 2195; x_wconf 80' lang='lat' dir='ltr'>nobie,</span> <span class='ocrx_word' id='word_1_137' title='bbox 230 2117 357 2183; x_wconf 86' lang='lat' dir='ltr'>incerta</span> <span class='ocrx_word' id='word_1_138' title='bbox 379 2126 414 2183; x_wconf 88' lang='lat' dir='ltr'>et</span> <span class='ocrx_word' id='word_1_139' title='bbox 436 2119 576 2184; x_wconf 85' lang='lat' dir='ltr'>obscura</span> <span class='ocrx_word' id='word_1_140' title='bbox 600 2123 661 2198; x_wconf 87' lang='lat' dir='ltr'>est,</span> <span class='ocrx_word' id='word_1_141' title='bbox 686 2119 874 2204; x_wconf 89' lang='lat' dir='ltr'>primusque</span> <span class='ocrx_word' id='word_1_142' title='bbox 898 2120 1065 2204; x_wconf 88' lang='lat' dir='ltr'>appetitus</span> <span class='ocrx_word' id='word_1_143' title='bbox 1080 2121 1137 2186; x_wconf 88' lang='lat' dir='ltr'>ille</span> <span class='ocrx_word' id='word_1_144' title='bbox 1154 2121 1253 2187; x_wconf 89' lang='lat' dir='ltr'>animi</span> 
     </span>
     <span class='ocr_line' id='line_1_19' title="bbox 94 2222 1252 2308; baseline 0.003 -23"><span class='ocrx_word' id='word_1_145' title='bbox 94 2227 230 2286; x_wconf 87' lang='lat' dir='ltr'>tantum</span> <span class='ocrx_word' id='word_1_146' title='bbox 262 2222 349 2306; x_wconf 86' lang='lat' dir='ltr'>agit,</span> <span class='ocrx_word' id='word_1_147' title='bbox 383 2231 422 2286; x_wconf 93' lang='lat' dir='ltr'>ut</span> <span class='ocrx_word' id='word_1_148' title='bbox 453 2223 536 2287; x_wconf 79' lang='lat' dir='ltr'>salvi</span> <span class='ocrx_word' id='word_1_149' title='bbox 570 2229 669 2308; x_wconf 89' lang='lat' dir='ltr'>atque</span> <span class='ocrx_word' id='word_1_150' title='bbox 697 2223 820 2307; x_wconf 77' lang='lat' dir='ltr'>integri</span> <span class='ocrx_word' id='word_1_151' title='bbox 847 2245 918 2288; x_wconf 90' lang='lat' dir='ltr'>esse</span> <span class='ocrx_word' id='word_1_152' title='bbox 947 2225 1120 2308; x_wconf 87' lang='lat' dir='ltr'>possimus.</span> <span class='ocrx_word' id='word_1_153' title='bbox 1168 2227 1252 2289; x_wconf 87' lang='lat' dir='ltr'>Cum</span> 
     </span>
     <span class='ocr_line' id='line_1_20' title="bbox 96 2323 1253 2412; baseline 0.004 -24"><span class='ocrx_word' id='word_1_154' title='bbox 96 2329 210 2389; x_wconf 84' lang='lat' dir='ltr'>sutem</span> <span class='ocrx_word' id='word_1_155' title='bbox 231 2323 391 2408; x_wconf 84' lang='lat' dir='ltr'>dispicere</span> <span class='ocrx_word' id='word_1_156' title='bbox 415 2327 581 2410; x_wconf 90' lang='lat' dir='ltr'>coepimus</span> <span class='ocrx_word' id='word_1_157' title='bbox 605 2333 640 2390; x_wconf 89' lang='lat' dir='ltr'>et</span> <span class='ocrx_word' id='word_1_158' title='bbox 663 2326 801 2407; x_wconf 88' lang='lat' dir='ltr'>sentire,</span> <span class='ocrx_word' id='word_1_159' title='bbox 826 2327 904 2410; x_wconf 90' lang='lat' dir='ltr'>quid</span> <span class='ocrx_word' id='word_1_160' title='bbox 928 2325 1029 2390; x_wconf 89' lang='lat' dir='ltr'>simus</span> <span class='ocrx_word' id='word_1_161' title='bbox 1053 2328 1187 2412; x_wconf 87' lang='lat' dir='ltr'>etquid</span> <span class='ocrx_word' id='word_1_162' title='bbox 1211 2330 1253 2393; x_wconf 90' lang='lat' dir='ltr'>ah</span> 
     </span>
     <span class='ocr_line' id='line_1_21' title="bbox 96 2426 1249 2513; baseline 0.002 -21"><span class='ocrx_word' id='word_1_163' title='bbox 96 2426 319 2492; x_wconf 85' lang='lat' dir='ltr'>animantibus</span> <span class='ocrx_word' id='word_1_164' title='bbox 344 2428 461 2492; x_wconf 89' lang='lat' dir='ltr'>ceteris</span> <span class='ocrx_word' id='word_1_165' title='bbox 485 2428 688 2507; x_wconf 83' lang='lat' dir='ltr'>differamus,</span> <span class='ocrx_word' id='word_1_166' title='bbox 717 2436 791 2492; x_wconf 92' lang='lat' dir='ltr'>tum</span> <span class='ocrx_word' id='word_1_167' title='bbox 813 2450 851 2493; x_wconf 83' lang='lat' dir='ltr'>en</span> <span class='ocrx_word' id='word_1_168' title='bbox 874 2429 966 2513; x_wconf 90' lang='lat' dir='ltr'>sequi</span> <span class='ocrx_word' id='word_1_169' title='bbox 988 2428 1181 2513; x_wconf 86' lang='lat' dir='ltr'>incipimus,</span> <span class='ocrx_word' id='word_1_170' title='bbox 1207 2433 1249 2494; x_wconf 82' lang='lat' dir='ltr'>ad</span> 
     </span>
     <span class='ocr_line' id='line_1_22' title="bbox 97 2529 1252 2616; baseline 0.003 -23"><span class='ocrx_word' id='word_1_171' title='bbox 97 2553 179 2613; x_wconf 87' lang='lat' dir='ltr'>quae</span> <span class='ocrx_word' id='word_1_172' title='bbox 211 2530 283 2594; x_wconf 85' lang='lat' dir='ltr'>nati</span> <span class='ocrx_word' id='word_1_173' title='bbox 319 2553 443 2595; x_wconf 88' lang='lat' dir='ltr'>sumus.</span> <span class='ocrx_word' id='word_1_174' title='bbox 498 2529 564 2616; x_wconf 80' lang='grc'>(42)</span> <span class='ocrx_word' id='word_1_175' title='bbox 599 2532 708 2597; x_wconf 78' lang='lat' dir='ltr'>Quam</span> <span class='ocrx_word' id='word_1_176' title='bbox 744 2531 995 2596; x_wconf 91' lang='lat' dir='ltr'>similitudinem</span> <span class='ocrx_word' id='word_1_177' title='bbox 1030 2532 1180 2596; x_wconf 87' lang='lat' dir='ltr'>videmus</span> <span class='ocrx_word' id='word_1_178' title='bbox 1218 2533 1252 2598; x_wconf 92' lang='lat' dir='ltr'>in</span> 
     </span>
    </p>
   </div>
   <div class='ocr_carea' id='block_1_5' title="bbox 93 2702 1253 3046">
    <p class='ocr_par' dir='ltr' id='par_1_5' title="bbox 93 2702 1253 3046">
     <span class='ocr_line' id='line_1_23' title="bbox 96 2702 1251 2773; baseline 0.001 -17"><span class='ocrx_word' id='word_1_179' title='bbox 96 2702 290 2773; x_wconf 85' lang='lat' dir='ltr'>expletione</span> <span class='ocrx_word' id='word_1_180' title='bbox 307 2702 391 2756; x_wconf 85' lang='lat' dir='ltr'>findet</span> <span class='ocrx_word' id='word_1_181' title='bbox 409 2702 467 2757; x_wconf 89' lang='lat' dir='ltr'>sich</span> <span class='ocrx_word' id='word_1_182' title='bbox 484 2720 537 2757; x_wconf 90' lang='lat' dir='ltr'>nur</span> <span class='ocrx_word' id='word_1_183' title='bbox 553 2703 619 2758; x_wconf 92' lang='lat' dir='ltr'>hier.</span> <span class='ocrx_word' id='word_1_184' title='bbox 679 2721 751 2758; x_wconf 91' lang='lat' dir='ltr'>cum</span> <span class='ocrx_word' id='word_1_185' title='bbox 773 2727 797 2748; x_wconf 97' lang='lat'>=</span> <span class='ocrx_word' id='word_1_186' title='bbox 820 2703 861 2758; x_wconf 90' lang='lat' dir='ltr'>ita</span> <span class='ocrx_word' id='word_1_187' title='bbox 879 2706 996 2770; x_wconf 83' lang='lat' dir='ltr'>(tomen)</span> <span class='ocrx_word' id='word_1_188' title='bbox 1014 2707 1054 2758; x_wconf 90' lang='lat' dir='ltr'>ut.</span> <span class='ocrx_word' id='word_1_189' title='bbox 1072 2704 1099 2756; x_wconf 85' lang='lat' dir='ltr'>S.</span> <span class='ocrx_word' id='word_1_190' title='bbox 1118 2723 1153 2758; x_wconf 86' lang='lat' dir='ltr'>zu</span> <span class='ocrx_word' id='word_1_191' title='bbox 1170 2722 1192 2758; x_wconf 91' lang='lat' dir='ltr'>o.</span> <span class='ocrx_word' id='word_1_192' title='bbox 1212 2709 1251 2768; x_wconf 82' lang='lat'>12,</span> 
     </span>
     <span class='ocr_line' id='line_1_24' title="bbox 95 2771 1252 2842; baseline 0.001 -17"><span class='ocrx_word' id='word_1_193' title='bbox 95 2777 129 2825; x_wconf 83' lang='lat'>34</span> <span class='ocrx_word' id='word_1_194' title='bbox 148 2790 210 2826; x_wconf 91' lang='lat' dir='ltr'>cum</span> <span class='ocrx_word' id='word_1_195' title='bbox 227 2771 332 2841; x_wconf 84' lang='lat' dir='ltr'>primes</span> <span class='ocrx_word' id='word_1_196' title='bbox 350 2771 406 2825; x_wconf 87' lang='lat' dir='ltr'>sint</span> <span class='ocrx_word' id='word_1_197' title='bbox 423 2771 509 2825; x_wconf 88' lang='lat' dir='ltr'>animi</span> <span class='ocrx_word' id='word_1_198' title='bbox 525 2775 625 2841; x_wconf 80' lang='lat' dir='ltr'>partes.</span> <span class='ocrx_word' id='word_1_199' title='bbox 707 2771 755 2826; x_wconf 89' lang='lat' dir='ltr'>sio</span> <span class='ocrx_word' id='word_1_200' title='bbox 773 2771 914 2826; x_wconf 87' lang='lat' dir='ltr'>exstitit</span> <span class='ocrx_word' id='word_1_201' title='bbox 931 2772 969 2826; x_wconf 89' lang='lat' dir='ltr'>ist</span> <span class='ocrx_word' id='word_1_202' title='bbox 985 2791 1040 2827; x_wconf 88' lang='lat' dir='ltr'>von</span> <span class='ocrx_word' id='word_1_203' title='bbox 1051 2771 1166 2842; x_wconf 80' lang='lat' dir='ltr'>Madvig</span> <span class='ocrx_word' id='word_1_204' title='bbox 1183 2772 1252 2827; x_wconf 90' lang='lat' dir='ltr'>rich·</span> 
     </span>
     <span class='ocr_line' id='line_1_25' title="bbox 97 2839 1253 2910; baseline 0.002 -17"><span class='ocrx_word' id='word_1_205' title='bbox 97 2842 141 2910; x_wconf 88' lang='lat' dir='ltr'>tig</span> <span class='ocrx_word' id='word_1_206' title='bbox 159 2839 316 2908; x_wconf 82' lang='lat' dir='ltr'>hengestellt</span> <span class='ocrx_word' id='word_1_207' title='bbox 333 2840 448 2894; x_wconf 83' lang='lat' dir='ltr'>worden.</span> <span class='ocrx_word' id='word_1_208' title='bbox 466 2839 517 2894; x_wconf 88' lang='lat' dir='ltr'>Die</span> <span class='ocrx_word' id='word_1_209' title='bbox 534 2839 653 2896; x_wconf 90' lang='lat' dir='ltr'>Hdschr.</span> <span class='ocrx_word' id='word_1_210' title='bbox 671 2839 762 2895; x_wconf 89' lang='lat' dir='ltr'>haben</span> <span class='ocrx_word' id='word_1_211' title='bbox 780 2840 917 2908; x_wconf 73' lang='lat' dir='ltr'>theilssic</span> <span class='ocrx_word' id='word_1_212' title='bbox 936 2859 970 2896; x_wconf 88' lang='lat' dir='ltr'>ue</span> <span class='ocrx_word' id='word_1_213' title='bbox 988 2841 1068 2895; x_wconf 89' lang='lat' dir='ltr'>theils</span> <span class='ocrx_word' id='word_1_214' title='bbox 1086 2841 1125 2896; x_wconf 89' lang='lat' dir='ltr'>sic</span> <span class='ocrx_word' id='word_1_215' title='bbox 1143 2845 1178 2895; x_wconf 88' lang='lat' dir='ltr'>et.</span> <span class='ocrx_word' id='word_1_216' title='bbox 1196 2841 1253 2895; x_wconf 89' lang='lat' dir='ltr'>Vor</span> 
     </span>
     <span class='ocr_line' id='line_1_26' title="bbox 94 2859 1252 2966; baseline 0.002 -2"><span class='ocrx_word' id='word_1_217' title='bbox 94 2913 246 2964; x_wconf 82' lang='lat' dir='ltr'>extremum</span> <span class='ocrx_word' id='word_1_218' title='bbox 264 2907 367 2963; x_wconf 86' lang='lat' dir='ltr'>konnte</span> <span class='ocrx_word' id='word_1_219' title='bbox 385 2908 493 2964; x_wconf 84' lang='lat' dir='ltr'>exstitit</span> <span class='ocrx_word' id='word_1_220' title='bbox 510 2909 593 2964; x_wconf 88' lang='lat' dir='ltr'>leioht</span> <span class='ocrx_word' id='word_1_221' title='bbox 610 2908 750 2964; x_wconf 78' lang='lat' dir='ltr'>ausfsllen.</span> <span class='ocrx_word' id='word_1_222' title='bbox 829 2859 1024 2966; x_wconf 47' lang='lat' dir='ltr'>cumu‘latur</span> <span class='ocrx_word' id='word_1_223' title='bbox 1042 2915 1098 2964; x_wconf 82' lang='lat' dir='ltr'>‘zur</span> <span class='ocrx_word' id='word_1_224' title='bbox 1115 2909 1252 2966; x_wconf 82' lang='lat' dir='ltr'>Vollkom·</span> 
     </span>
     <span class='ocr_line' id='line_1_27' title="bbox 93 2977 465 3046; baseline -0.005 -12"><span class='ocrx_word' id='word_1_225' title='bbox 93 2977 217 3034; x_wconf 85' lang='lat' dir='ltr'>menheit</span> <span class='ocrx_word' id='word_1_226' title='bbox 233 2977 365 3046; x_wconf 82' lang='lat' dir='ltr'>gebracht</span> <span class='ocrx_word' id='word_1_227' title='bbox 382 2977 465 3032; x_wconf 87' lang='lat' dir='ltr'>wird’.</span> 
     </span>
    </p>
   </div>
   <div class='ocr_carea' id='block_1_6' title="bbox 95 3062 1253 3271">
    <p class='ocr_par' dir='ltr' id='par_1_6' title="bbox 95 3062 1253 3271">
     <span class='ocr_line' id='line_1_28' title="bbox 166 3062 1252 3133; baseline 0.002 -17"><span class='ocrx_word' id='word_1_228' title='bbox 166 3063 218 3116; x_wconf 85' lang='lat' dir='ltr'>Die</span> <span class='ocrx_word' id='word_1_229' title='bbox 242 3063 451 3133; x_wconf 80' lang='lat' dir='ltr'>Entwickelung</span> <span class='ocrx_word' id='word_1_230' title='bbox 476 3080 586 3116; x_wconf 86' lang='lat' dir='ltr'>unsaros</span> <span class='ocrx_word' id='word_1_231' title='bbox 631 3062 692 3116; x_wconf 88' lang='lat' dir='ltr'>eisti</span> <span class='ocrx_word' id='word_1_232' title='bbox 713 3081 746 3117; x_wconf 88' lang='lat' dir='ltr'>en</span> <span class='ocrx_word' id='word_1_233' title='bbox 771 3062 877 3116; x_wconf 73' lang='lat' dir='ltr'>Isebens</span> <span class='ocrx_word' id='word_1_234' title='bbox 904 3062 990 3118; x_wconf 89' lang='lat' dir='ltr'>findet</span> <span class='ocrx_word' id='word_1_235' title='bbox 1018 3081 1071 3116; x_wconf 90' lang='lat' dir='ltr'>nur</span> <span class='ocrx_word' id='word_1_236' title='bbox 1097 3063 1252 3118; x_wconf 80' lang='lat' dir='ltr'>sllmthlich</span> 
     </span>
     <span class='ocr_line' id='line_1_29' title="bbox 96 3130 1253 3201; baseline 0 -15"><span class='ocrx_word' id='word_1_237' title='bbox 96 3131 178 3186; x_wconf 84' lang='lat' dir='ltr'>statt.</span> <span class='ocrx_word' id='word_1_238' title='bbox 212 3131 248 3184; x_wconf 79' lang='lat' dir='ltr'>lle</span> <span class='ocrx_word' id='word_1_239' title='bbox 264 3131 379 3201; x_wconf 78' lang='lat' dir='ltr'>beginnt</span> <span class='ocrx_word' id='word_1_240' title='bbox 396 3133 449 3186; x_wconf 90' lang='lat' dir='ltr'>mit</span> <span class='ocrx_word' id='word_1_241' title='bbox 467 3131 586 3185; x_wconf 85' lang='lat' dir='ltr'>dunkeln</span> <span class='ocrx_word' id='word_1_242' title='bbox 628 3131 674 3186; x_wconf 81' lang='lat' dir='ltr'>eiii</span> <span class='ocrx_word' id='word_1_243' title='bbox 704 3149 738 3185; x_wconf 90' lang='lat' dir='ltr'>en</span> <span class='ocrx_word' id='word_1_244' title='bbox 765 3131 820 3186; x_wconf 76' lang='lat' dir='ltr'>und</span> <span class='ocrx_word' id='word_1_245' title='bbox 842 3130 928 3200; x_wconf 88' lang='lat' dir='ltr'>steigt</span> <span class='ocrx_word' id='word_1_246' title='bbox 953 3130 1109 3185; x_wconf 81' lang='lat' dir='ltr'>allm&#39;ahlich</span> <span class='ocrx_word' id='word_1_247' title='bbox 1135 3131 1176 3186; x_wconf 92' lang='lat' dir='ltr'>bis</span> <span class='ocrx_word' id='word_1_248' title='bbox 1202 3151 1253 3186; x_wconf 89' lang='lat' dir='ltr'>zur</span> 
     </span>
     <span class='ocr_line' id='line_1_30' title="bbox 95 3198 1251 3271; baseline -0.002 -15"><span class='ocrx_word' id='word_1_249' title='bbox 95 3200 279 3256; x_wconf 77' lang='lat' dir='ltr'>Erksnntniss</span> <span class='ocrx_word' id='word_1_250' title='bbox 296 3217 406 3255; x_wconf 83' lang='lat' dir='ltr'>umores</span> <span class='ocrx_word' id='word_1_251' title='bbox 424 3200 536 3271; x_wconf 83' lang='lat' dir='ltr'>eigenen</span> <span class='ocrx_word' id='word_1_252' title='bbox 553 3200 664 3254; x_wconf 86' lang='lat' dir='ltr'>Wesens</span> <span class='ocrx_word' id='word_1_253' title='bbox 683 3199 740 3253; x_wconf 91' lang='lat' dir='ltr'>und</span> <span class='ocrx_word' id='word_1_254' title='bbox 759 3198 806 3253; x_wconf 88' lang='lat' dir='ltr'>des</span> <span class='ocrx_word' id='word_1_255' title='bbox 824 3198 957 3254; x_wconf 81' lang='lat' dir='ltr'>ho&#39;chsten</span> <span class='ocrx_word' id='word_1_256' title='bbox 975 3199 1059 3253; x_wconf 86' lang='lat' dir='ltr'>Zieles</span> <span class='ocrx_word' id='word_1_257' title='bbox 1085 3199 1132 3253; x_wconf 87' lang='lat' dir='ltr'>der</span> <span class='ocrx_word' id='word_1_258' title='bbox 1149 3200 1251 3254; x_wconf 85' lang='lat' dir='ltr'>Nstur.</span> 
     </span>
    </p>
   </div>
   <div class='ocr_carea' id='block_1_7' title="bbox 98 3270 1250 3399">
    <p class='ocr_par' dir='ltr' id='par_1_7' title="bbox 98 3270 1250 3399">
     <span class='ocr_line' id='line_1_31' title="bbox 98 3270 1250 3399; baseline 0.001 -9"><span class='ocrx_word' id='word_1_259' title='bbox 98 3270 235 3391; x_wconf 28' lang='lat' dir='ltr'>(capilii</span> <span class='ocrx_word' id='word_1_260' title='bbox 249 3271 339 3392; x_wconf 70' lang='lat' dir='ltr'>riiiiro</span> <span class='ocrx_word' id='word_1_261' title='bbox 356 3355 434 3392; x_wconf 88' lang='lat' dir='ltr'>vero</span> <span class='ocrx_word' id='word_1_262' title='bbox 462 3342 528 3391; x_wconf 85' lang='lat' dir='ltr'>‘nun</span> <span class='ocrx_word' id='word_1_263' title='bbox 550 3337 632 3399; x_wconf 82' lang='lat' dir='ltr'>sber’,</span> <span class='ocrx_word' id='word_1_264' title='bbox 651 3336 737 3399; x_wconf 83' lang='lat' dir='ltr'>lithrt,</span> <span class='ocrx_word' id='word_1_265' title='bbox 756 3335 805 3391; x_wconf 86' lang='lat' dir='ltr'>wie</span> <span class='ocrx_word' id='word_1_266' title='bbox 823 3334 893 3390; x_wconf 87' lang='lat' dir='ltr'>auch</span> <span class='ocrx_word' id='word_1_267' title='bbox 910 3353 982 3389; x_wconf 88' lang='lat' dir='ltr'>nuno</span> <span class='ocrx_word' id='word_1_268' title='bbox 1000 3335 1087 3398; x_wconf 87' lang='lat' dir='ltr'>sllein,</span> <span class='ocrx_word' id='word_1_269' title='bbox 1105 3335 1176 3389; x_wconf 87' lang='lat' dir='ltr'>reale</span> <span class='ocrx_word' id='word_1_270' title='bbox 1186 3337 1250 3391; x_wconf 89' lang='lat' dir='ltr'>Ver·</span> 
     </span>
    </p>
   </div>
   <div class='ocr_carea' id='block_1_8' title="bbox 90 3403 1335 4366">
    <p class='ocr_par' dir='ltr' id='par_1_8' title="bbox 90 3403 1335 4366">
     <span class='ocr_line' id='line_1_32' title="bbox 92 3403 1250 3476; baseline -0.001 -16"><span class='ocrx_word' id='word_1_271' title='bbox 92 3406 227 3461; x_wconf 81' lang='lat' dir='ltr'>hliltnisse</span> <span class='ocrx_word' id='word_1_272' title='bbox 244 3407 282 3460; x_wconf 91' lang='lat' dir='ltr'>im</span> <span class='ocrx_word' id='word_1_273' title='bbox 301 3406 468 3476; x_wconf 82' lang='lat' dir='ltr'>Gegensetze</span> <span class='ocrx_word' id='word_1_274' title='bbox 484 3425 519 3460; x_wconf 83' lang='lat' dir='ltr'>nu</span> <span class='ocrx_word' id='word_1_275' title='bbox 536 3406 678 3476; x_wconf 88' lang='lat' dir='ltr'>fingierten</span> <span class='ocrx_word' id='word_1_276' title='bbox 696 3405 747 3459; x_wconf 89' lang='lat' dir='ltr'>ein.</span> <span class='ocrx_word' id='word_1_277' title='bbox 783 3404 862 3458; x_wconf 76' lang='lat' dir='ltr'>Tusc.</span> <span class='ocrx_word' id='word_1_278' title='bbox 879 3405 925 3459; x_wconf 88' lang='lat'>111</span> <span class='ocrx_word' id='word_1_279' title='bbox 944 3408 1001 3468; x_wconf 81' lang='lat'>1‚2</span> <span class='ocrx_word' id='word_1_280' title='bbox 1028 3403 1106 3470; x_wconf 82' lang='lat' dir='ltr'>Quod</span> <span class='ocrx_word' id='word_1_281' title='bbox 1132 3404 1156 3458; x_wconf 87' lang='lat' dir='ltr'>si</span> <span class='ocrx_word' id='word_1_282' title='bbox 1182 3404 1250 3459; x_wconf 88' lang='lat' dir='ltr'>tales</span> 
     </span>
     <span class='ocr_line' id='line_1_33' title="bbox 92 3471 1250 3556; baseline -0.003 -26"><span class='ocrx_word' id='word_1_283' title='bbox 92 3494 143 3530; x_wconf 91' lang='lat' dir='ltr'>nos</span> <span class='ocrx_word' id='word_1_284' title='bbox 152 3479 253 3530; x_wconf 88' lang='lat' dir='ltr'>natura</span> <span class='ocrx_word' id='word_1_285' title='bbox 261 3475 407 3545; x_wconf 84' lang='lat' dir='ltr'>genuisset,</span> <span class='ocrx_word' id='word_1_286' title='bbox 425 3478 458 3529; x_wconf 92' lang='lat' dir='ltr'>ut</span> <span class='ocrx_word' id='word_1_287' title='bbox 467 3493 526 3529; x_wconf 84' lang='lat' dir='ltr'>eam</span> <span class='ocrx_word' id='word_1_288' title='bbox 543 3475 631 3556; x_wconf 85' lang='lat' dir='ltr'>ipsam</span> <span class='ocrx_word' id='word_1_289' title='bbox 648 3473 750 3528; x_wconf 88' lang='lat' dir='ltr'>intueri</span> <span class='ocrx_word' id='word_1_290' title='bbox 767 3477 795 3528; x_wconf 91' lang='lat' dir='ltr'>et</span> <span class='ocrx_word' id='word_1_291' title='bbox 810 3473 1000 3544; x_wconf 85' lang='lat' dir='ltr'>perspicere·</span> <span class='ocrx_word' id='word_1_292' title='bbox 1009 3490 1157 3543; x_wconf 86' lang='lat' dir='ltr'>possemus,</span> <span class='ocrx_word' id='word_1_293' title='bbox 1176 3471 1250 3527; x_wconf 80' lang='lat' dir='ltr'>haud</span> 
     </span>
     <span class='ocr_line' id='line_1_34' title="bbox 95 3541 1249 3624; baseline -0.003 -24"><span class='ocrx_word' id='word_1_294' title='bbox 95 3548 156 3600; x_wconf 88' lang='lat' dir='ltr'>erat</span> <span class='ocrx_word' id='word_1_295' title='bbox 174 3561 240 3600; x_wconf 82' lang='lat' dir='ltr'>suns</span> <span class='ocrx_word' id='word_1_296' title='bbox 276 3543 330 3597; x_wconf 91' lang='lat' dir='ltr'>uod</span> <span class='ocrx_word' id='word_1_297' title='bbox 349 3545 491 3624; x_wconf 79' lang='lat' dir='ltr'>quisquam</span> <span class='ocrx_word' id='word_1_298' title='bbox 510 3547 644 3598; x_wconf 82' lang='lat' dir='ltr'>rationem</span> <span class='ocrx_word' id='word_1_299' title='bbox 662 3560 693 3597; x_wconf 82' lang='lat' dir='ltr'>se</span> <span class='ocrx_word' id='word_1_300' title='bbox 712 3541 865 3597; x_wconf 81' lang='lat' dir='ltr'>doctrinam</span> <span class='ocrx_word' id='word_1_301' title='bbox 881 3541 1037 3612; x_wconf 84' lang='lat' dir='ltr'>requireret.</span> <span class='ocrx_word' id='word_1_302' title='bbox 1055 3541 1136 3595; x_wconf 89' lang='lat' dir='ltr'>Nunc</span> <span class='ocrx_word' id='word_1_303' title='bbox 1172 3560 1249 3596; x_wconf 86' lang='lat' dir='ltr'>arvu-</span> 
     </span>
     <span class='ocr_line' id='line_1_35' title="bbox 91 3560 1335 3692; baseline -0.002 -25"><span class='ocrx_word' id='word_1_304' title='bbox 91 3613 133 3667; x_wconf 88' lang='lat' dir='ltr'>los</span> <span class='ocrx_word' id='word_1_305' title='bbox 151 3612 231 3668; x_wconf 87' lang='lat' dir='ltr'>nobis</span> <span class='ocrx_word' id='word_1_306' title='bbox 250 3562 326 3692; x_wconf 59' lang='lat' dir='ltr'>dedit</span> <span class='ocrx_word' id='word_1_307' title='bbox 352 3613 485 3681; x_wconf 81' lang='lat' dir='ltr'>igniculos</span> <span class='ocrx_word' id='word_1_308' title='bbox 512 3616 560 3667; x_wconf 87' lang='lat' dir='ltr'>etc.</span> <span class='ocrx_word' id='word_1_309' title='bbox 596 3630 634 3666; x_wconf 92' lang='lat' dir='ltr'>or.</span> <span class='ocrx_word' id='word_1_310' title='bbox 652 3611 685 3666; x_wconf 92' lang='lat' dir='ltr'>de</span> <span class='ocrx_word' id='word_1_311' title='bbox 702 3613 767 3682; x_wconf 91' lang='lat' dir='ltr'>imp.</span> <span class='ocrx_word' id='word_1_312' title='bbox 785 3611 880 3681; x_wconf 90' lang='lat' dir='ltr'>Pomp.</span> <span class='ocrx_word' id='word_1_313' title='bbox 901 3614 940 3673; x_wconf 83' lang='lat' dir='ltr'>l‘l,</span> <span class='ocrx_word' id='word_1_314' title='bbox 959 3613 992 3664; x_wconf 83' lang='lat'>50</span> <span class='ocrx_word' id='word_1_315' title='bbox 1010 3609 1089 3676; x_wconf 82' lang='lat' dir='ltr'>Quod</span> <span class='ocrx_word' id='word_1_316' title='bbox 1107 3609 1130 3664; x_wconf 91' lang='lat' dir='ltr'>si</span> <span class='ocrx_word' id='word_1_317' title='bbox 1147 3560 1250 3690; x_wconf 44' lang='lat' dir='ltr'>domae</span> <span class='ocrx_word' id='word_1_318' title='bbox 1333 3627 1335 3630; x_wconf 85' lang='lat'>·</span> 
     </span>
     <span class='ocr_line' id='line_1_36' title="bbox 92 3677 1251 3752; baseline -0.003 -16"><span class='ocrx_word' id='word_1_319' title='bbox 92 3681 144 3736; x_wconf 83' lang='lat' dir='ltr'>Cn.</span> <span class='ocrx_word' id='word_1_320' title='bbox 162 3682 308 3752; x_wconf 81' lang='lat' dir='ltr'>Pompeius</span> <span class='ocrx_word' id='word_1_321' title='bbox 326 3682 449 3752; x_wconf 76' lang='lat' dir='ltr'>privatus</span> <span class='ocrx_word' id='word_1_322' title='bbox 468 3685 538 3735; x_wconf 86' lang='lat' dir='ltr'>esset</span> <span class='ocrx_word' id='word_1_323' title='bbox 555 3681 607 3736; x_wconf 92' lang='lat' dir='ltr'>hoo</span> <span class='ocrx_word' id='word_1_324' title='bbox 625 3685 752 3751; x_wconf 85' lang='lat' dir='ltr'>tempore,</span> <span class='ocrx_word' id='word_1_325' title='bbox 770 3683 862 3734; x_wconf 87' lang='lat' dir='ltr'>tamen</span> <span class='ocrx_word' id='word_1_326' title='bbox 879 3679 914 3733; x_wconf 85' lang='lat' dir='ltr'>ad</span> <span class='ocrx_word' id='word_1_327' title='bbox 926 3682 1036 3734; x_wconf 80' lang='lat' dir='ltr'>tentum</span> <span class='ocrx_word' id='word_1_328' title='bbox 1047 3677 1144 3733; x_wconf 89' lang='lat' dir='ltr'>bellum</span> <span class='ocrx_word' id='word_1_329' title='bbox 1155 3697 1179 3732; x_wconf 84' lang='lat' dir='ltr'>rs</span> <span class='ocrx_word' id='word_1_330' title='bbox 1192 3682 1251 3733; x_wconf 87' lang='lat' dir='ltr'>crat</span> 
     </span>
     <span class='ocr_line' id='line_1_37' title="bbox 93 3746 1250 3820; baseline -0.003 -15"><span class='ocrx_word' id='word_1_331' title='bbox 93 3750 254 3820; x_wconf 86' lang='lat' dir='ltr'>deligendus</span> <span class='ocrx_word' id='word_1_332' title='bbox 267 3754 354 3819; x_wconf 81' lang='lat' dir='ltr'>atque</span> <span class='ocrx_word' id='word_1_333' title='bbox 371 3748 535 3804; x_wconf 84' lang='lat' dir='ltr'>mittendus:</span> <span class='ocrx_word' id='word_1_334' title='bbox 554 3767 635 3812; x_wconf 90' lang='lat' dir='ltr'>nunc,</span> <span class='ocrx_word' id='word_1_335' title='bbox 653 3748 767 3804; x_wconf 88' lang='lat' dir='ltr'>cum&#39;ad</span> <span class='ocrx_word' id='word_1_336' title='bbox 786 3751 887 3803; x_wconf 84' lang='lat' dir='ltr'>ceteras</span> <span class='ocrx_word' id='word_1_337' title='bbox 905 3767 1025 3802; x_wconf 79' lang='lat' dir='ltr'>summes</span> <span class='ocrx_word' id='word_1_338' title='bbox 1037 3746 1173 3802; x_wconf 81' lang='lat' dir='ltr'>utilitates</span> <span class='ocrx_word' id='word_1_339' title='bbox 1184 3747 1250 3802; x_wconf 81' lang='lat' dir='ltr'>hacc</span> 
     </span>
     <span class='ocr_line' id='line_1_38' title="bbox 91 3815 1249 3957; baseline -0.003 -15"><span class='ocrx_word' id='word_1_340' title='bbox 91 3837 247 3942; x_wconf 44' lang='lat' dir='ltr'>eleth</span> <span class='ocrx_word' id='word_1_341' title='bbox 267 3818 588 3956; x_wconf 48' lang='lat' dir='ltr'>{llttllldllilll</span> <span class='ocrx_word' id='word_1_342' title='bbox 606 3818 686 3942; x_wconf 64' lang='lat' dir='ltr'>tt</span> <span class='ocrx_word' id='word_1_343' title='bbox 703 3818 737 3939; x_wconf 60' lang='lat'>³⁶³⁸</span> <span class='ocrx_word' id='word_1_344' title='bbox 755 3815 1051 3957; x_wconf 52' lang='lat' dir='ltr'>¹tl³⁸p¹⁰tttdlhss</span> <span class='ocrx_word' id='word_1_345' title='bbox 1062 3816 1249 3939; x_wconf 56' lang='lat' dir='ltr'>ttttslt·</span> 
     </span>
     <span class='ocr_line' id='line_1_39' title="bbox 92 3928 1249 4027; baseline -0.003 -16"><span class='ocrx_word' id='word_1_346' title='bbox 92 3961 153 4011; x_wconf 82' lang='lat'>148.</span> <span class='ocrx_word' id='word_1_347' title='bbox 257 3928 563 4027; x_wconf 76' lang='lat' dir='ltr'>progredientilius</span> <span class='ocrx_word' id='word_1_348' title='bbox 581 3955 770 4010; x_wconf 78' lang='lat' dir='ltr'>aetatibus:</span> <span class='ocrx_word' id='word_1_349' title='bbox 796 3973 818 4009; x_wconf 89' lang='lat' dir='ltr'>c.</span> <span class='ocrx_word' id='word_1_350' title='bbox 836 3959 877 4019; x_wconf 83' lang='lat'>21,</span> <span class='ocrx_word' id='word_1_351' title='bbox 897 3959 929 4008; x_wconf 83' lang='lat'>59</span> <span class='ocrx_word' id='word_1_352' title='bbox 947 3954 1134 4026; x_wconf 83' lang='lat' dir='ltr'>progrediente</span> <span class='ocrx_word' id='word_1_353' title='bbox 1152 3957 1249 4009; x_wconf 85' lang='lat' dir='ltr'>aetate.</span> 
     </span>
     <span class='ocr_line' id='line_1_40' title="bbox 92 4023 1249 4096; baseline -0.003 -16"><span class='ocrx_word' id='word_1_354' title='bbox 92 4025 126 4080; x_wconf 87' lang='lat' dir='ltr'>de</span> <span class='ocrx_word' id='word_1_355' title='bbox 145 4043 201 4080; x_wconf 89' lang='lat' dir='ltr'>sen.</span> <span class='ocrx_word' id='word_1_356' title='bbox 222 4029 266 4088; x_wconf 83' lang='lat'>13,</span> <span class='ocrx_word' id='word_1_357' title='bbox 285 4029 318 4078; x_wconf 77' lang='lat'>45</span> <span class='ocrx_word' id='word_1_358' title='bbox 345 4042 398 4094; x_wconf 85' lang='lat' dir='ltr'>qua</span> <span class='ocrx_word' id='word_1_359' title='bbox 426 4026 536 4091; x_wconf 87' lang='lat' dir='ltr'>(aetate)</span> <span class='ocrx_word' id='word_1_360' title='bbox 562 4023 751 4096; x_wconf 84' lang='lat' dir='ltr'>progrediente</span> <span class='ocrx_word' id='word_1_361' title='bbox 777 4024 868 4078; x_wconf 83' lang='lat' dir='ltr'>omnia</span> <span class='ocrx_word' id='word_1_362' title='bbox 894 4023 964 4078; x_wconf 88' lang='lat' dir='ltr'>fiunt</span> <span class='ocrx_word' id='word_1_363' title='bbox 990 4023 1019 4078; x_wconf 90' lang='lat' dir='ltr'>in</span> <span class='ocrx_word' id='word_1_364' title='bbox 1046 4023 1103 4077; x_wconf 88' lang='lat' dir='ltr'>dies</span> <span class='ocrx_word' id='word_1_365' title='bbox 1130 4023 1249 4078; x_wconf 80' lang='lat' dir='ltr'>mitiore.</span> 
     </span>
     <span class='ocr_line' id='line_1_41' title="bbox 92 4091 1249 4165; baseline -0.004 -15"><span class='ocrx_word' id='word_1_366' title='bbox 92 4113 178 4165; x_wconf 88' lang='lat' dir='ltr'>quae</span> <span class='ocrx_word' id='word_1_367' title='bbox 195 4112 212 4147; x_wconf 82' lang='lat' dir='ltr'>a</span> <span class='ocrx_word' id='word_1_368' title='bbox 230 4097 353 4148; x_wconf 88' lang='lat' dir='ltr'>natura</span> <span class='ocrx_word' id='word_1_369' title='bbox 371 4093 485 4148; x_wconf 84' lang='lat' dir='ltr'>nostri</span> <span class='ocrx_word' id='word_1_370' title='bbox 502 4094 594 4149; x_wconf 79' lang='lat' dir='ltr'>lucta</span> <span class='ocrx_word' id='word_1_371' title='bbox 612 4097 663 4147; x_wconf 88' lang='lat' dir='ltr'>est</span> <span class='ocrx_word' id='word_1_372' title='bbox 675 4092 776 4147; x_wconf 89' lang='lat' dir='ltr'>nobis</span> <span class='ocrx_word' id='word_1_373' title='bbox 794 4091 861 4146; x_wconf 85' lang='lat' dir='ltr'>‘&#39;ene</span> <span class='ocrx_word' id='word_1_374' title='bbox 874 4091 1153 4162; x_wconf 84' lang='lat' dir='ltr'>erstaBefreundung,</span> <span class='ocrx_word' id='word_1_375' title='bbox 1163 4091 1249 4145; x_wconf 90' lang='lat' dir='ltr'>durch</span> 
     </span>
     <span class='ocr_line' id='line_1_42' title="bbox 90 4110 1250 4240; baseline -0.003 -22"><span class='ocrx_word' id='word_1_376' title='bbox 90 4163 192 4218; x_wconf 85' lang='lat' dir='ltr'>welche</span> <span class='ocrx_word' id='word_1_377' title='bbox 208 4163 258 4217; x_wconf 83' lang='lat' dir='ltr'>wir</span> <span class='ocrx_word' id='word_1_378' title='bbox 274 4179 327 4216; x_wconf 86' lang='lat' dir='ltr'>von</span> <span class='ocrx_word' id='word_1_379' title='bbox 345 4162 391 4217; x_wconf 87' lang='lat' dir='ltr'>der</span> <span class='ocrx_word' id='word_1_380' title='bbox 408 4162 436 4216; x_wconf 87' lang='lat' dir='ltr'>N</span> <span class='ocrx_word' id='word_1_381' title='bbox 438 4164 500 4215; x_wconf 86' lang='lat' dir='ltr'>atur</span> <span class='ocrx_word' id='word_1_382' title='bbox 517 4181 569 4216; x_wconf 88' lang='lat' dir='ltr'>uns</span> <span class='ocrx_word' id='word_1_383' title='bbox 586 4162 670 4217; x_wconf 86' lang='lat' dir='ltr'>selbst</span> <span class='ocrx_word' id='word_1_384' title='bbox 687 4110 838 4232; x_wconf 84' lang='lat' dir='ltr'>ompfohlen</span> <span class='ocrx_word' id='word_1_385' title='bbox 856 4161 981 4216; x_wconf 86' lang='lat' dir='ltr'>werden&#39;.</span> <span class='ocrx_word' id='word_1_386' title='bbox 1023 4164 1156 4215; x_wconf 85' lang='lat' dir='ltr'>tantum</span> <span class='ocrx_word' id='word_1_387' title='bbox 1174 4159 1250 4240; x_wconf 82' lang='lat' dir='ltr'>agit</span> 
     </span>
     <span class='ocr_line' id='line_1_43' title="bbox 92 4228 1248 4299; baseline -0.005 -11"><span class='ocrx_word' id='word_1_388' title='bbox 92 4230 255 4288; x_wconf 87' lang='lat' dir='ltr'>‘heabsiohti</span> <span class='ocrx_word' id='word_1_389' title='bbox 276 4234 358 4286; x_wconf 91' lang='lat' dir='ltr'>tnur</span> <span class='ocrx_word' id='word_1_390' title='bbox 376 4248 405 4285; x_wconf 91' lang='lat' dir='ltr'>so</span> <span class='ocrx_word' id='word_1_391' title='bbox 424 4230 483 4294; x_wconf 87' lang='lat' dir='ltr'>viel,</span> <span class='ocrx_word' id='word_1_392' title='bbox 502 4230 578 4285; x_wconf 90' lang='lat' dir='ltr'>nicht</span> <span class='ocrx_word' id='word_1_393' title='bbox 596 4231 674 4286; x_wconf 90' lang='lat' dir='ltr'>mehr</span> <span class='ocrx_word' id='word_1_394' title='bbox 691 4231 748 4284; x_wconf 88' lang='lat' dir='ltr'>und</span> <span class='ocrx_word' id='word_1_395' title='bbox 767 4228 857 4283; x_wconf 87' lang='lat' dir='ltr'>nichts</span> <span class='ocrx_word' id='word_1_396' title='bbox 875 4234 1011 4299; x_wconf 80' lang='lat' dir='ltr'>grdsseres</span> <span class='ocrx_word' id='word_1_397' title='bbox 1029 4229 1069 4284; x_wconf 87' lang='lat' dir='ltr'>als</span> <span class='ocrx_word' id='word_1_398' title='bbox 1095 4228 1157 4283; x_wconf 79' lang='lat' dir='ltr'>dass</span> <span class='ocrx_word' id='word_1_399' title='bbox 1183 4231 1248 4282; x_wconf 83' lang='lat' dir='ltr'>wrr&#39;.</span> 
     </span>
     <span class='ocr_line' id='line_1_44' title="bbox 165 4249 1249 4366; baseline -0.002 -12"><span class='ocrx_word' id='word_1_400' title='bbox 165 4299 217 4354; x_wconf 76' lang='lat'>42.</span> <span class='ocrx_word' id='word_1_401' title='bbox 253 4249 357 4366; x_wconf 54' lang='lat' dir='ltr'>{uam</span> <span class='ocrx_word' id='word_1_402' title='bbox 385 4299 655 4354; x_wconf 86' lang='lat' dir='ltr'>similitudinem</span> <span class='ocrx_word' id='word_1_403' title='bbox 681 4299 832 4354; x_wconf 89' lang='lat' dir='ltr'>videmus</span> <span class='ocrx_word' id='word_1_404' title='bbox 858 4297 892 4352; x_wconf 90' lang='lat' dir='ltr'>in</span> <span class='ocrx_word' id='word_1_405' title='bbox 918 4298 1042 4352; x_wconf 85' lang='lat' dir='ltr'>bestiis</span> <span class='ocrx_word' id='word_1_406' title='bbox 1071 4302 1161 4353; x_wconf 85' lang='lat' dir='ltr'>‘etwas</span> <span class='ocrx_word' id='word_1_407' title='bbox 1188 4295 1249 4352; x_wconf 86' lang='lat' dir='ltr'>dem</span> 
     </span>
    </p>
   </div>
   <div class='ocr_carea' id='block_1_9' title="bbox 982 4385 1034 4436">
    <p class='ocr_par' dir='ltr' id='par_1_9' title="bbox 982 4385 1034 4436">
     <span class='ocr_line' id='line_1_45' title="bbox 982 4385 1034 4436; baseline 0 0"><span class='ocrx_word' id='word_1_408' title='bbox 982 4385 1034 4436; x_wconf 74' lang='lat'>16*</span> 
     </span>
    </p>
   </div>
   <div class='ocr_carea' id='block_1_10' title="bbox 0 0 1492 4950">
    <p class='ocr_par' dir='ltr' id='par_1_10' title="bbox 0 0 1492 4950">
     <span class='ocr_line' id='line_1_46' title="bbox 0 0 1492 4950; baseline 0 1"><span class='ocrx_word' id='word_1_409' title='bbox 0 0 1492 4950; x_wconf 95' lang='lat' dir='ltr'> </span> 
     </span>
    </p>
   </div>
  </div>
 </body>
</html>
