2942 4950
241 364 302 427 160
477 361 526 414 nu
544 359 696 415 smnus
716 359 900 416 eouoeun
917 359 965 415 nr
983 359 1173 414 mnenon

238 532 398 597 dileotum
423 532 562 610 eadunt,
597 538 713 615 estque
736 531 796 595 illa
819 530 971 596 subieota
994 531 1089 616 quasi
1110 529 1248 596 materia
1270 527 1404 614 sapien-

237 635 316 700 tiae.
348 635 467 718 Itaque
491 641 525 698 et
547 633 703 699 manendi
725 633 760 696 in
782 633 851 699 vita
876 641 910 698 et
932 633 1098 718 migrandi
1120 633 1203 698 ratio
1229 631 1331 696 omnis
1357 629 1404 694 iis

238 737 336 801 rebus
346 783 357 816 ,
382 759 462 820 quas
486 757 585 820 supra
607 734 691 813 dixi,
715 735 893 801 metienda.
940 735 1029 799 Nam
1051 755 1157 818 neque
1180 735 1322 798 virtutem
1344 732 1405 817 qui

237 839 327 902 hobel
349 837 472 903 virtute
494 835 658 901 retinetur
680 837 714 900 in
737 836 817 915 vita,
842 836 977 916 neniis,
1003 837 1059 921 qui
1082 837 1151 902 sine
1167 837 1291 900 virtute
1306 841 1403 910 sunt,

238 962 326 1006 mors
350 945 402 1004 est
424 938 622 1025 oppetenda.
668 938 714 1002 Et
737 959 834 1022 saepe
858 938 1004 1004 offitium
1027 945 1079 1004 est
1102 939 1261 1024 sapientis
1293 936 1405 1002 desei-

140 1043 142 1047 ’
239 1065 329 1108 soere
353 1065 371 1108 a
394 1042 482 1119 vita,
517 1062 592 1104 eum
615 1041 658 1105 sit
686 1041 919 1121 beatissimus,
953 1041 982 1105 si
1008 1041 1042 1105 id
1074 1046 1259 1128 opportune
1291 1039 1404 1104 faeere

239 1145 357 1232 possit.
404 1145 459 1209 Sio
483 1143 569 1208 enim
593 1148 748 1222 censent,
775 1143 1035 1228 opportunitatis
1059 1166 1131 1208 esse
1153 1146 1251 1210 beate
1274 1143 1403 1215 vivere,

239 1249 328 1333 quod
350 1254 402 1311 est
434 1247 668 1312 convenienter
698 1237 840 1311 uaturee'
866 1248 988 1311 vivere.
1034 1247 1154 1330 Itaque
1186 1270 1205 1311 a
1237 1245 1406 1331 sapientia

238 1349 448 1437 praecipitur,
474 1371 508 1414 se
532 1351 648 1436 ipsam,
674 1349 702 1413 si
717 1371 796 1414 usus
813 1349 868 1429 sit,
887 1350 1017 1435 sapiens
1033 1358 1072 1414 ut
1087 1351 1264 1434 relinquat.
1289 1349 1406 1414 Quam

240 1455 281 1517 ob
305 1471 374 1518 rem
398 1475 473 1517 oum
495 1453 652 1517 vitiorum
675 1452 739 1516 ista
762 1452 811 1516 vis
835 1475 901 1518 non
924 1453 987 1532 sit,
1022 1460 1060 1517 ut
1090 1474 1222 1518 eausam
1258 1453 1406 1516 afferant

239 1553 354 1620 mortis
391 1555 618 1633 voluntariae,
655 1555 865 1639 perspicuum
896 1560 947 1619 est
979 1555 1079 1620 etiam
1111 1557 1311 1634 stultorum,
1346 1555 1406 1638 qui

238 1658 340 1723 iidem
362 1657 473 1722 miseri
496 1657 582 1736 sint,
617 1657 765 1721 ofiioium
787 1677 858 1721 esse
882 1679 1014 1721 manere
1036 1658 1071 1722 in
1094 1657 1183 1737 vita,
1216 1658 1244 1721 si
1276 1656 1405 1720 sintin

239 1761 361 1826 maiore
383 1766 478 1845 parte
500 1782 610 1824 rerum
633 1781 755 1839 earum,
782 1783 862 1843 quas
885 1760 1068 1825 seeundum
1089 1766 1242 1826 naturam
1263 1781 1336 1824 esse
1354 1761 1406 1824 di·

240 1864 355 1928 eimus.
390 1863 436 1926 Et
459 1863 613 1947 quoniam
638 1863 800 1928 excedens
824 1885 841 1926 e
864 1862 935 1928 vita
958 1871 992 1926 et
1015 1885 1151 1929 manens
1175 1885 1278 1948 aeque
1300 1863 1405 1927 miser

240 1974 310 2046 est,
345 1989 406 2031 neo
430 1966 631 2030 diuturnitas
654 1964 761 2049 magis
786 1964 816 2028 ei
840 1965 942 2029 vitam
975 1965 1169 2050 fugiendam
1200 1965 1300 2044 facit,
1337 1988 1405 2030 non

240 2071 310 2136 siue
334 2093 433 2136 eausa
455 2070 577 2134 dieitur
599 2069 660 2148 iis,
686 2069 742 2153 qui
764 2069 914 2152 pluribus
938 2069 1148 2136 naturalibus
1171 2069 1236 2134 frui
1257 2069 1403 2153 possint,

240 2195 311 2238 esse
334 2173 369 2237 in
392 2173 462 2237 vita
484 2172 696 2237 manendum.

287 2316 307 2354 0
324 2277 421 2340 XIX.
447 2273 511 2360 (62)
535 2275 705 2339 Pertinere
729 2279 841 2338 autem
864 2273 905 2337 ad
927 2294 998 2337 rem
1014 2273 1220 2338 arbitrantur
1234 2273 1403 2357 intellegi,

241 2447 284 2501 die
302 2450 526 2518 naturgem'asseu
543 2446 600 2500 und
619 2445 833 2516 uaturwidrigen
851 2444 1004 2514 gesoudert.
1051 2444 1175 2514 Itaque
1194 2448 1226 2498 et
1244 2445 1407 2500 menendi

241 2516 276 2570 in
293 2516 368 2568 vita
386 2517 438 2570 eto.
474 2515 550 2569 Stob.
570 2515 615 2568 eol.
633 2515 663 2569 H
681 2518 705 2577 6,
724 2519 739 2566 6
756 2532 783 2636 p
802 2517 867 2567 226:
896 2514 977 2569 Φασὶ
996 2514 1027 2569 δέ
1046 2534 1115 2569 ποτε
1143 2519 1190 2568 καὶ
1216 2515 1265 2584 τὴν
1293 2515 1406 2591 ἐξαγω-

241 2581 1407 2730 tornanturserstrepere„{retenteee

241 2742 322 2785 πους,
342 2729 403 2784 τοῖς
422 2721 453 2776 δὲ
473 2721 597 2790 φαύλοις
615 2720 706 2793 μόνην
726 2722 756 2776 ἐν
774 2726 813 2790 τῷ
834 2723 899 2790 ζῆν,
929 2726 976 2775 καὶ
995 2724 1023 2776 εἰ
1047 2722 1085 2794 μὴ
1113 2723 1244 2794 μέλλοιεν
1272 2722 1407 2777 ἔσεσθαι

241 2787 439 2920 ididae-‘tid
453 2788 698 2928 tttttttttt
708 2789 1406 2938 ttttgtt‘tttttttttttt,tit

244 2901 317 2998 {todia
335 2931 383 2980 καὶ
401 2928 449 2982 τὸν
467 2926 610 2982 θάνατον.
647 2924 821 2996 migrandi
839 2926 920 2980 ntimi.
941 2925 973 2980 de
991 2930 1056 2991 vrta,
1075 2946 1096 2981 e.
1110 2945 1144 2980 zu
1156 2927 1171 2980 Ι
1185 2931 1225 2990 19,
1239 2930 1279 2979 62.
1356 2947 1408 2982 am

242 3013 349 3065 neque
366 2995 533 3050 virtutem
551 2995 610 3065 qui
628 2995 732 3050 habet
750 2997 799 3048 eto.
835 2994 889 3050 Die
906 2995 1026 3050 Hdsohr.
1045 2995 1133 3050 haben
1152 3013 1216 3050 uam
1240 3013 1326 3064 neque
1353 2997 1407 3050 vir·

241 3067 302 3119 tute
320 3063 455 3118 retinetur
473 3064 543 3118 ohne
560 3064 674 3134 Augabe
692 3063 765 3118 einer
782 3063 882 3118 Liioke.
907 3064 978 3118 Dese
998 3064 1060 3120 aber·
1078 3063 1122 3118 die
1140 3064 1192 3118 mit
1210 3062 1303 3118 Baiter
1321 3071 1408 3120 unter

241 3133 435 3202 Bezugnahme
452 3133 504 3186 auf
517 3133 552 3186 de
568 3133 669 3188 invent.
688 3134 761 3196 150,
781 3137 814 3186 93
833 3133 953 3203 siquis,
978 3151 1039 3187 oum
1058 3132 1170 3198 dixerit,
1197 3133 1244 3203 qui
1270 3132 1407 3188 virtutem

241 3201 351 3264 habeat,
370 3219 431 3256 eum
449 3200 549 3256 nudius
567 3202 607 3256 rei
624 3202 659 3256 ad
677 3200 744 3256 beus
761 3201 907 3258 vivendum
924 3201 1045 3272 indigere
1063 3205 1113 3257 eto.
1136 3201 1166 3256 iu
1190 3201 1243 3259 den
1266 3203 1336 3256 Text
1354 3222 1407 3274 ,ge-

242 3273 348 3326 setzten
365 3269 460 3324 Worte
478 3269 574 3332 fehlen,
593 3270 703 3326 beweist
720 3270 768 3324 der
785 3270 825 3325 Ge
845 3274 937 3325 ensatz
956 3271 1078 3341 quisine
1100 3269 1204 3325 virtute
1226 3274 1299 3324 sunt.
1335 3273 1407 3326 Auf-

241 3338 341 3395 iallend
359 3339 444 3393 bleibt
461 3339 566 3394 freilioh
583 3339 680 3394 immor
697 3339 745 3394 der
762 3289 884 3393 Weoisei
910 3339 956 3394 des
978 3340 1129 3394 Numerus:
1148 3339 1281 3396 retinetur
1297 3341 1327 3394 in
1346 3342 1408 3395 vita

241 3409 298 3463 und
316 3425 364 3462 nee
382 3408 416 3461 iis
434 3408 482 3478 qui
502 3439 530 3446 -
552 3413 624 3462 sunt.
678 3409 765 3478 quod
783 3411 836 3462 est
854 3409 1100 3464 convenienter
1118 3412 1261 3463 naturae
1278 3409 1407 3464 virere.

242 3478 337 3532 Dieser
356 3478 454 3531 Zusatz
473 3477 557 3531 findet
575 3477 633 3530 sich
651 3476 681 3530 in
699 3477 751 3530 deu
768 3476 888 3531 Hdsohr.
906 3478 977 3531 naeh
1000 3476 1052 3537 den
1069 3477 1184 3532 Worten
1208 3471 1284 3533 si'id
1307 3495 1405 3549 oppor-

241 3550 307 3601 tune
325 3545 411 3600 faeere
447 3546 523 3600 ossit.
558 3546 673 3615 Madvig
691 3546 741 3599 sah
759 3544 822 3600 aber
839 3545 948 3616 riohtig,
967 3545 1077 3603 desset
1095 3546 1158 3601 dort
1175 3546 1253 3601 nieht
1270 3546 1405 3618 hingehd·

241 3634 289 3670 ren
306 3615 405 3677 kdnne,
424 3564 487 3694 dass
506 3633 533 3692 er
550 3615 680 3669 vielmehr
698 3615 756 3669 eine
774 3613 930 3684 Erkl'aruug
949 3615 995 3668 des
1013 3615 1091 3670 beate
1107 3616 1195 3670 vivere
1213 3615 1260 3670 sei.
1334 3635 1405 3670 ma·

242 3702 327 3740 nens
346 3685 430 3737 nturi.
447 3702 476 3737 1n
494 3684 559 3738 vita.
631 3683 855 3738 naturalibus
873 3703 894 3736 s.
913 3702 946 3737 zu
963 3684 994 3737 II
1013 3688 1053 3747 11,
1072 3687 1113 3738 33.
1282 3727 1285 3731 .

311 3751 362 3806 Die
380 3751 499 3806 Ansioht
516 3752 563 3807 der
581 3752 689 3806 Stoiksr
706 3751 773 3806 iiber
791 3752 834 3806 die
852 3751 1034 3808 mensehiiohe
1046 3753 1252 3808 Gemeinsohaft
1270 3751 1327 3808 und
1345 3753 1407 3808 ihre

241 3819 450 3890 Entwiokeluug
468 3839 517 3874 aus
536 3821 597 3874 dem
614 3821 731 3891 Begriffe
750 3821 795 3874 des
814 3821 1057 3891 Naturgemessen
1074 3821 1125 3876 Die
1142 3821 1225 3875 Liebe
1242 3821 1291 3875 der
1308 3822 1406 3877 Eltern

242 3908 277 3942 zu
295 3888 372 3943 ihren
391 3888 516 3942 Kindern
534 3889 572 3943 ist
590 3889 648 3943 eine
665 3889 802 3960 Wirkuug
820 3889 866 3944 der
883 3890 988 3956 Netum
1016 3909 1064 3945 aus
1092 3889 1137 3945 ihr
1163 3890 1317 3947 entwiokelt
1344 3891 1405 3945 sioh

243 3956 287 4010 die
304 3955 387 4010 Liebe
406 3957 453 4011 der
470 3958 617 4012 Mensehen
635 3961 715 4012 unter
733 3959 862 4013 einander
888 3959 944 4012 und
964 3959 1028 4028 jone
1053 3959 1275 4024 Gemeinsehaft,
1298 3979 1333 4013 zu
1356 3961 1405 4015 der

242 4025 292 4080 alle
310 4025 504 4096 veruiinftigen
522 4027 620 4081 Weseu
638 4027 780 4082 bestimmt
798 4027 868 4081 sind.
891 4027 943 4082 Die
961 4028 1033 4082 Welt
1051 4027 1088 4082 ist
1105 4027 1254 4097 gleiohsom
1273 4029 1317 4083 ein
1334 4029 1404 4084 Gdt-

242 4097 303 4149 tern
320 4094 377 4148 und
395 4095 543 4149 Meusohen
561 4095 758 4166 gemeiusamer
785 4095 881 4160 Staat,
908 4096 969 4150 dem
993 4096 1070 4167 jeder
1097 4099 1188 4151 seiuen
1214 4095 1403 4168 persdnlioheu

182 4201 185 4210 ·
242 4163 367 4217 Vortheil
384 4165 602 4218 unterzuordneu
620 4165 677 4220 het.
713 4165 838 4220 Gereohti
860 4165 918 4219 keit
935 4165 991 4219 und
1009 4166 1226 4221 Mensoheuliebe
1244 4167 1337 4220 hatten
1358 4167 1402 4222 die

242 4233 423 4288 meusohliehe
440 4233 618 4289 Gesellsobaft
636 4252 799 4289 zusammen.
861 4252 889 4287 m
908 4234 946 4288 sie
964 4253 998 4288 zu
1016 4235 1153 4298 erhalten,
1181 4235 1246 4289 darf
1269 4236 1327 4290 sich
1355 4235 1403 4290 der

241 4301 331 4356 Weiss
349 4300 397 4357 der
409 4302 585 4372 Verweltuug
604 4302 650 4356 des
663 4303 771 4357 Stostes
789 4303 846 4356 und
864 4303 925 4356 dem
938 4303 1148 4358 Famiiienlebeu
1161 4303 1239 4358 nieht
1251 4305 1402 4359 eutzieheu.

167 4415 169 4419 .
241 4371 296 4425 Um
314 4371 352 4426 sie
370 4389 404 4426 zu
422 4371 551 4437 erhalten‚
571 4373 608 4426 ist
626 4371 669 4426 die
687 4372 868 4426 Erkenntniss
886 4372 994 4442 ndthig‚
1014 4373 1075 4426 dass
1095 4373 1138 4427 die
1156 4371 1295 4428 sittliohen
1314 4374 1401 4428 Giiter
