2942 4950
327 273 393 328 dire.
411 274 460 330 IV.
496 275 561 330 Car.
579 274 799 332 XXV—XXVI.
836 277 864 340 ἐξ
884 279 995 330 69-72.
1169 281 1229 343 211

78 461 244 522 nunquam
267 441 413 507 timebis.
440 443 505 528 (70)
530 444 620 509 Quid
642 445 754 512 Zeno?
776 446 939 510 Portenta
962 446 1043 510 haec
1068 469 1139 511 esse
1156 447 1238 514 dicit

78 563 183 624 noque
212 545 399 610 curatione
428 545 498 636 ullo
527 547 626 611 modo
649 569 747 630 posse
770 546 848 626 vivi,
879 570 913 612 se
938 548 1046 614 dicere
1068 550 1156 615 inter
1178 552 1236 615 ho·

77 652 208 710 nestum
231 653 265 711 et
287 655 385 733 turpe
417 649 555 714 nimium
583 658 761 734 quantum,
790 651 901 718 nescio
925 651 1004 735 quid
1026 652 1235 732 immensum,

76 747 164 811 inter
190 756 317 814 ceteras
348 773 401 816 res
433 752 517 816 nihil
548 753 680 817 omnino
712 754 884 818 interesse.
910 753 968 838 (71)
990 754 1086 819 Idem
1109 757 1234 822 adhuc:

76 849 155 914 audi
174 851 302 936 reliqua
325 859 360 916 et
381 852 484 918 risum
508 855 656 936 contine,
683 856 710 918 si
733 863 840 940 potes.
886 856 1000 922 Media
1022 858 1091 936 illa,
1115 859 1234 944 inquit,

75 951 162 1016 inter
184 975 267 1037 quae
296 955 380 1019 nihil
403 956 560 1037 interest,
594 962 705 1022 tamen
729 957 798 1022 eius
822 959 913 1022 modi
935 967 1028 1038 sunt,
1061 967 1099 1024 ut
1122 981 1252 1031 eorum'

75 1055 140 1119 alia
171 1057 325 1142 eligenda
357 1058 439 1137 sint,
474 1061 539 1124 alia
559 1059 741 1138 reicienda,
772 1061 836 1124 alia
859 1061 990 1125 omnino
1015 1064 1234 1148 neglegenda,

75 1162 138 1224 hoc
162 1166 229 1240 est,
259 1169 298 1223 ut
321 1183 434 1226 eorum
457 1163 522 1226 alia
544 1163 638 1241 velie,
664 1162 729 1227 alia
751 1163 857 1243 noliS,
891 1165 1043 1229 alienon
1067 1187 1171 1232 cures.
1193 1205 1235 1214 -

74 1266 121 1328 At
145 1265 242 1329 modo
273 1264 402 1330 dixeras
430 1265 514 1330 nihil
543 1265 577 1328 in
605 1265 678 1330 istis
708 1287 779 1330 esse
804 1267 892 1349 quod
914 1267 1102 1334 interesset.
1127 1270 1236 1332 -Et

75 1389 161 1432 nunc
189 1367 278 1432 idem
307 1368 397 1447 dico,
427 1367 569 1452 inquiet,
601 1370 660 1433 sed
687 1369 728 1432 ad
756 1369 896 1434 virtutes
926 1379 961 1434 et
984 1373 1025 1436 ad
1048 1373 1130 1437 vitia
1152 1373 1236 1454 nihil

73 1472 245 1536 interesse.
282 1470 409 1536 XXVI.
434 1470 496 1554 (72)
514 1471 597 1535 Quis
613 1472 716 1550 istud,
737 1493 871 1556 quaeso,
895 1473 1088 1539 nesciebat?
1111 1476 1237 1542 Verum

74 1575 257 1640 audiamus.
289 1572 373 1652 Ista,
398 1573 516 1656 inquit,
541 1595 623 1656 quae
641 1573 763 1652 dixisti,
790 1577 909 1654 valere,
932 1577 1136 1662 locupletem
1152 1600 1235 1659 csse,

74 1701 138 1742 non
171 1678 300 1755 dolere,
329 1677 418 1742 bona
446 1699 512 1741 non
536 1676 627 1756 dico,
661 1677 719 1740 sed
748 1678 856 1742 dicam
880 1679 1005 1743 Graece
1029 1687 1235 1765 προηγμένα,

74 1781 192 1846 Latine
215 1786 327 1844 autem
342 1780 506 1864 producta
528 1817 570 1828 -—
593 1779 652 1843 sed
666 1780 855 1865 praeposita
870 1787 929 1845 aut
944 1781 1120 1867 praecipua
1135 1785 1235 1864 malo,

74 1884 116 1947 sit
132 1882 342 1948 tolerabilius
360 1888 394 1947 et
408 1882 540 1948 mollius
557 1908 617 1944 -ι
642 1882 702 1948 illa
717 1888 838 1960 autem,
855 1875 1019 1962 morbum,
1037 1892 1235 1968 egestatem,

74 1986 234 2066 dolorem,
258 2008 325 2049 non
347 1984 478 2069 appello
502 1987 600 2063 mala,
626 1985 694 2064 sed,
720 1984 857 2065 silibet,
882 1985 1077 2052 reiectanea.
1115 1987 1235 2072 Itaque

73 2087 129 2153 illa
153 2110 220 2152 non
244 2088 317 2152 dico
341 2109 393 2152 me
418 2095 583 2172 expetere,
609 2088 668 2152 sed
694 2087 824 2171 legere,
849 2108 911 2151 nec
935 2094 1068 2171 optare,
1099 2089 1158 2152 sed
1182 2113 1235 2152 su·

72 2211 172 2269 mere,
199 2191 363 2254 contraria
378 2195 490 2254 autem
505 2211 573 2254 non
592 2188 718 2274 lugere,
744 2190 802 2253 sed
819 2189 913 2272 quasi
928 2209 1109 2254 secernere.
1146 2189 1236 2254 Quid

74 2294 118 2358 ait
143 2293 345 2358 Aristoteles
368 2293 552 2377 reliquique
575 2292 726 2358 Platonis
750 2292 895 2360 alumni?
933 2295 975 2356 Se
999 2292 1123 2372 omnia,
1152 2315 1235 2378 quae

74 2394 258 2460 secundum
279 2401 434 2460 naturam
457 2395 535 2475 sint,
559 2396 647 2460 bona
669 2395 848 2480 appellare,
874 2415 956 2478 quae
974 2402 1085 2460 autem
1109 2400 1236 2473 contra,

74 2500 172 2563 mala.
220 2497 368 2563 Videsne
396 2498 499 2582 igitur
522 2499 689 2562 Zenonem
716 2505 814 2563 tuum
843 2519 918 2562 oum
940 2497 1099 2562 Aristone
1127 2496 1236 2562 verbis

74 2602 267 2680 consistere,
291 2623 326 2664 re
343 2600 512 2678 dissidere,
537 2621 613 2664 cum
630 2600 812 2665 Aristotele
830 2608 864 2665 et
886 2601 954 2664 illis
976 2623 1011 2664 re
1031 2582 1234 2678 consentire,

73 2705 184 2768 verbis
211 2703 421 2787 discrepare?
466 2703 532 2766 Cur
562 2702 676 2786 igitur,
711 2725 786 2766 cum
818 2704 858 2768 de
886 2725 921 2768 re
945 2705 1137 2782 conveniat,
1171 2726 1237 2768 non

73 2808 239 2872 malumus
262 2805 385 2869 usitate
408 2804 524 2888 loqui?
560 2807 632 2868 Aut
655 2805 774 2870 doceat
795 2807 996 2891 paratiorem
1019 2828 1071 2870 me
1095 2806 1137 2870 ad
1161 2827 1237 2870 con-

73 2907 287 2974 temnendam
309 2907 482 2994 peouniam
505 2907 586 2986 foro,
612 2907 640 2971 si
654 2907 749 2972 illam
763 2907 797 2972 in
812 2910 911 2973 rebus
927 2909 1122 2992 praepositis
1140 2897 1238 2991 quam

74 3095 203 3222 qupqraql
221 3114 336 3219 cumqprc
350 3095 540 3219 Ιεοςοίὶιιιθςειιίιι.0
569 3112 607 3215 pp
625 3113 661 3215 p.3
671 3095 739 3148 Sest.
760 3099 801 3158 31,
820 3099 853 3148 68
881 3095 954 3164 quod
972 3095 1105 3150 iudicium
1123 3113 1237 3166 cumque

87 3185 136 3220 ιιι
168 3185 185 3220 a
201 3204 208 3218 .
227 3195 258 3204 —
371 3184 387 3219 a
501 3203 507 3216 .
542 3203 548 3217 .
601 3203 609 3227 ‚
662 3202 669 3217 .

143 3235 194 3288 70.
230 3233 396 3289 aedicere
419 3239 456 3287 ‘er
471 3183 596 3301 degegen
614 3230 766 3300 bchaupte,
793 3229 857 3285 dass
883 3249 910 3283 ιι.
929 3248 950 3284 s.
969 3232 1009 3285 w.'
1044 3231 1095 3284 Bei
1121 3229 1168 3283 der
1214 3249 1237 3285 e·

73 3302 247 3360 wbhnlichen
263 3302 364 3360 Lesart
382 3301 428 3356 sed
447 3301 553 3356 differre
571 3301 609 3354 ist
628 3299 674 3354 sed
698 3297 871 3369 unpassend,
898 3299 957 3353 weil
983 3298 1027 3352 die
1044 3298 1163 3353 Ansicht
1190 3249 1237 3352 des

72 3373 195 3442 Gegners
213 3371 361 3426 verworsen
377 3369 435 3425 und
452 3370 496 3425 ihr
514 3369 557 3423 die
575 3369 668 3440 eigcne
704 3367 946 3440 egeniibcrgestellt
972 3367 1053 3433 wird;
1082 3366 1236 3421 ausserdem

73 3441 109 3496 ist
128 3441 237 3496 differre
255 3439 341 3495 neben
359 3439 488 3494 interesse
505 3438 589 3508 vdllig
606 3437 660 3492 iibe
693 3438 778 3507 iissig.

144 3509 189 3564 71.
208 3509 299 3564 Idem
317 3508 428 3563 adhuc
446 3508 527 3563 niiml.
547 3506 622 3572 dicit,
641 3506 760 3576 ‘bisjetat
774 3509 837 3576 sagt
847 3506 918 3560 Zeno
931 3504 1053 3559 dasselbe
1064 3503 1115 3558 wie
1127 3503 1236 3568 Arist03

73 3579 141 3636 hbre
159 3595 216 3632 nun
235 3577 284 3632 das
301 3577 437 3647 Ucbrige’.

144 3646 191 3702 72.
227 3647 315 3710 Ista,
333 3645 460 3716 inquit,
479 3663 564 3715 quac
582 3642 715 3698 dixisti.
734 3643 790 3697 Cic.
808 3641 887 3697 fiihrt
904 3640 958 3696 den
976 3639 1046 3695 Cato
1063 3639 1164 3694 redend
1182 3639 1234 3693 ein.

73 3717 121 3772 rit
140 3714 365 3770 tolerabilius
393 3714 472 3768 ‘donn
490 3732 517 3768 es
536 3713 662 3776 mdchte,
690 3729 767 3767 wenn
785 3712 834 3766 wir
852 3731 882 3765 so
901 3710 1039 3781 sprechen,
1059 3707 1236 3779 ertrdglicher

73 3786 130 3840 und
150 3785 267 3855 weniger
284 3784 348 3838 hart
365 3783 441 3838 sein'.
476 3783 583 3837 Andere
600 3781 689 3836 haben
708 3781 746 3835 sic
764 3779 941 3835 tolerabilius.
1027 3778 1236 3834 reiectanea.

73 3855 117 3908 An
137 3851 241 3908 andern
259 3851 360 3907 Stellen
378 3853 433 3917 (III
451 3856 475 3914 4,
495 3855 535 3905 15.
564 3855 604 3915 16,
624 3855 665 3905 52.
690 3849 807 3904 Aradi
827 3851 931 3914 10‚37)
959 3847 1069 3902 bedicnt
1096 3845 1154 3901 sich
1181 3845 1237 3900 Cic.

74 3941 121 3977 zur
140 3921 334 3992 Bezeichnung
352 3920 399 3975 der
416 3919 614 3975 verwerflichen
631 3917 728 3989 Dinge‘
740 3918 786 3972 des
794 3916 955 3972 Ausdrucks
973 3916 1081 3978 reiecta,
1099 3915 1191 3970 indem
1210 3932 1238 3968 er

74 3991 155 4046 dabci
173 4009 209 4045 an
227 3990 288 4045 dem
306 3990 407 4068 griech.
425 3988 607 4059 Participinm
622 3987 854 4065 ἀποπροηγμένα
873 3985 996 4041 fosthtlt.
1074 3984 1173 4066 quasi
1191 4001 1237 4037 se·

74 4056 790 4183 ιῗξΜ11[ιωίἕῖῗὲἓέἕὲἷῖῗι11111γέ121ἔὶἰ
810 4050 1238 4179 tittdt3⁹l.¹.¹t²tt⁰tt

75 4201 132 4254 stos
152 4195 226 4252 Seite
243 4196 356 4252 stchen'.
382 4197 437 4252 Der
454 4195 600 4250 Ausdruclr
618 4194 765 4250 consistere
784 4210 846 4247 cum
864 4192 954 4261 aliquo
973 4191 1066 4246 istun
1087 4187 1238 4246 awdhnlich

75 4267 132 4320 und
150 4285 203 4322 ron
222 4264 277 4320 (rio.
295 4264 367 4320 wohl
384 4283 436 4320 nur
455 4264 501 4318 der
519 4263 733 4334 Abwechselung
750 4261 844 4316 halber
861 4260 987 4331 gewithlt.
1087 4261 1124 4312 ut
1141 4254 1237 4311 ‘widri-

971 4345 1022 4397 14*
