3024 4938
403 330 465 384 Ins.
484 330 505 383 Ι.
541 329 606 384 Car.
624 327 766 382 XI—XII.
803 330 831 392 §t
851 331 960 382 39-41.
1219 333 1261 398 29

19 495 21 548 ³
102 503 183 567 dum
205 503 367 586 possimus
391 503 524 569 dicere?
570 505 685 568 Inesse
710 501 797 568 enim
820 525 954 569 neccsse
979 512 1030 569 est
1056 506 1091 569 in
1121 529 1173 584 eo,
1205 503 1262 590 qui

103 607 149 668 ita
173 605 216 668 sit
237 607 395 686 affectus,
427 614 462 671 et
490 607 682 671 firmitatem
710 607 809 671 animi
836 630 898 672 nec
920 616 1059 672 mortem
1083 631 1145 673 nec
1168 609 1260 673 dolo-

102 731 169 772 rem
194 709 354 789 timentis,
381 711 468 795 quod
491 734 579 777 mors
596 735 694 776 sensu
710 720 830 792 careat,
857 714 951 777 dolor
966 713 998 776 in
1015 714 1261 797 longinquitate

102 811 196 890 levis,
219 811 254 875 in
277 813 441 896 gravitate
465 814 574 878 brevis
598 815 704 878 soleat
726 837 813 896 esse,
843 820 882 878 ut
905 815 973 879 eius
997 815 1261 900 magnitudinem

103 913 272 994 celeritas,
306 915 559 980 diuturnitatem
593 917 748 981 allevatio
781 919 981 982 consoletur.
1043 917 1104 1001 (41)
1137 920 1192 983 Ad
1224 941 1262 984 ea

104 1037 176 1078 cum
200 1016 339 1094 accedit,
365 1023 403 1081 ut
425 1040 532 1101 neque
557 1019 704 1082 divinum
728 1041 849 1084 numen
873 1022 1006 1084 horreat
1028 1042 1088 1084 nec
1104 1022 1260 1104 praeteri·

104 1121 151 1178 tas
174 1118 364 1203 voluptates
380 1119 513 1185 effluere
529 1121 677 1204 patiatur
693 1143 869 1204 earumque
885 1123 1017 1187 assidue
1032 1123 1260 1187 recordatione

102 1220 256 1301 laetetur,
286 1222 365 1305 quid
390 1231 441 1288 est
465 1225 552 1308 quod
575 1227 640 1288 huc
663 1225 787 1308 possit,
818 1227 915 1309 quod¹
936 1227 1053 1290 melius
1078 1226 1136 1306 sit,
1168 1248 1260 1290 acee-

101 1321 198 1390 dere?
245 1325 363 1388 Statue
387 1332 501 1391 contro
524 1327 667 1410 aliquem
692 1327 880 1391 confectum
904 1329 1007 1390 tantis
1031 1329 1131 1393 animi
1147 1351 1260 1413 corpo-

102 1424 209 1508 risque
233 1427 415 1508 doloribus,
442 1430 556 1512 quanti
578 1430 613 1493 in
636 1429 803 1494 hominem
827 1429 960 1493 maximi
976 1431 1090 1495 cadere
1109 1435 1259 1516 possunt,

102 1527 192 1590 nulla
215 1551 273 1612 spe
301 1531 471 1614 proposita
501 1531 571 1595 fore
603 1531 710 1596 levius
742 1531 937 1615 aliquando,
972 1534 1064 1596 nulla
1092 1541 1262 1617 praeterea

101 1651 208 1714 neque
231 1634 397 1714 praesenti
420 1655 480 1698 nec
505 1640 696 1718 exspectata
719 1636 905 1720 voluptate,
940 1635 1018 1719 quid
1047 1657 1083 1700 eo
1112 1637 1261 1700 miserius

101 1733 164 1797 dici
192 1741 247 1797 aut
268 1735 352 1820 fingi
374 1738 508 1821 potest?
532 1739 630 1802 Quod
654 1738 682 1801 si
704 1738 774 1801 vita
797 1739 964 1802 doloribus
980 1738 1101 1802 referta
1120 1739 1261 1802 maxime

100 1835 259 1920 fugienda
283 1842 350 1916 est,
384 1861 548 1903 summum
571 1840 719 1924 profecto
743 1841 865 1904 malum
890 1848 941 1903 est
964 1841 1073 1906 vivere
1097 1863 1172 1904 cnm
1205 1841 1262 1904 do-

100 1939 170 2002 lore
179 1963 187 2015 ;
218 1940 270 2002 cui
293 1943 478 2006 sententiae
503 1949 760 2006 consentaneum
784 1949 845 2022 est,
872 1943 1026 2007 ultimum
1058 1965 1129 2006 esse
1158 1943 1261 2006 bono·

99 2061 171 2104 rum
201 2063 274 2106 cum
302 2042 478 2128 voluptate
504 2045 626 2108 vivere.
650 2045 652 2048 ’
672 2046 744 2108 Nee
774 2045 861 2108 enim
893 2045 996 2108 habet
1028 2053 1140 2108 nostra
1168 2067 1260 2108 mens

102 2144 290 2227 quiequam,
321 2145 379 2210 ubi
406 2147 569 2210 consistat
591 2154 760 2230 tamquam
783 2147 816 2210 in
841 2154 999 2226 extremo,
1026 2168 1203 2229 omnesque
1228 2153 1262 2210 et

100 2254 207 2310 metus
231 2251 265 2310 et
288 2249 513 2332 aegritudines
537 2250 577 2312 ad
601 2249 749 2313 dolorem
771 2249 976 2326 referuntur,
1011 2271 1071 2312 nee
1094 2254 1262 2332 praeterea

98 2469 176 2524 nullis
195 2487 244 2524 noc
263 2471 400 2542 suppliciis
419 2489 468 2525 nec
484 2472 612 2542 praemiis
635 2473 770 2527 demoveri
795 2473 891 2544 possit.
998 2476 1031 2528 et
1049 2472 1258 2526 firmitatem

99 2539 215 2593 animi:
234 2538 290 2594 Der
307 2543 377 2594 erste
395 2540 474 2596 'Pheil
492 2541 541 2596 der
553 2541 761 2607 Ocordinstiom
781 2545 851 2596 statt
869 2541 916 2595 des
934 2541 1046 2596 aweiteu
1064 2545 1091 2594 et
1109 2541 1179 2610 folgt
1198 2543 1210 2606 ᾗ
1225 2546 1256 2593 41

98 2606 138 2660 Ad
155 2627 187 2661 ea
206 2625 269 2661 cum
287 2607 391 2663 accedit
408 2613 459 2663 etc.
541 2611 628 2679 quod
646 2629 733 2664 mors
752 2629 853 2664 sensu
872 2614 1002 2664 eareat:
1021 2610 1102 2679 Diog.
1120 2611 1212 2664 Laert.
1230 2610 1258 2662 X

99 2679 144 2728 139
161 2677 200 2730 ‘0
218 2675 350 2742 θάνατος
370 2677 455 2734 οὐδὲν
474 2681 548 2754 πρὸς
564 2679 657 2750 ἡμᾶς·
676 2681 707 2735 τὸ
746 2681 782 2754 dp
802 2681 945 2734 διαλυθὲν
965 2678 1153 2749 ἀναισθητεῖ,
1173 2680 1205 2733 τὸ
1226 2679 1258 2732 δὲ

98 2743 300 2815 ἀναισθητοῦν
320 2746 406 2802 οὐδὲν
425 2749 498 2829 πρὸς
515 2749 598 2827 ἡμᾶς.
636 2747 699 2828 Vgl.
724 2701 831 2803 iliceros
849 2747 1052 2818 Uebersetzuug
1071 2747 1159 2802 dieser
1177 2745 1258 2800 Stelle

19 2863 21 2878 s
98 2813 184 2876 1131,
205 2817 262 2866 100.
327 2814 421 2870 dolor
439 2835 474 2870 rn
491 2816 753 2886 longinquitate
770 2816 870 2871 levis:
889 2816 969 2886 Diog.
988 2817 1078 2871 Laert.
1097 2817 1124 2869 X
1144 2819 1194 2868 140
1216 2813 1256 2870 Οὐ

95 2887 223 2955 χρονίζει
241 2884 273 2938 τὸ
293 2883 399 2961 ἀλγοῦν
419 2885 450 2939 ἐν
468 2893 502 2958 τῇ
522 2889 614 2960 σαρκί,
636 2883 706 2940 ἀλλὰ
725 2887 755 2942 τὸ
775 2888 828 2974 μὲν
849 2885 938 2960 ἄκρον
956 2887 1005 2941 τὸν
1025 2885 1175 2955 ἐλάχιστον
1190 2883 1258 2959 χρό-

99 2972 146 3004 νον
164 2951 297 3024 πάρεστι,
317 2954 348 3009 τὸ
369 2954 400 3008 δὲ
419 2953 510 3026 μόνον
528 2955 698 3026 ὑπερτεῖνον
716 2957 747 3010 τὸ
767 2955 910 3026 ηδόμενον
930 2956 1001 3008 κατὰ
1023 2953 1115 3028 σάρκα
1137 2952 1170 3008 οὐ
1190 2955 1258 3006 πολ-

96 3020 147 3082 λὰς
165 3021 277 3094 ἡμέρας
305 3021 474 3094 συμβαίνει,
505 3025 538 3077 cc‘
562 3024 594 3079 dd
621 3023 808 3098 πολυχρόνιοι
834 3030 889 3079 τῶν
909 3022 1077 3078 οἷοοωσιιῶν
1096 3021 1257 3086 πλεονάζον

100 3090 199 3156 ἔχουσι
216 3091 247 3144 τὸ
268 3089 411 3163 ἡδόμενον
431 3092 461 3146 ἐν
480 3098 513 3166 τῇ
533 3097 618 3166 σαρκὶ
636 3091 708 3166 ἥπερ
727 3093 758 3147 τὸ
780 3092 895 3168 ἀλγοῦν.
930 3071 993 3162 ligl.
1011 3093 1040 3144 ΙΙ
1059 3095 1100 3154 29,
1119 3091 1172 3159 943
1260 3137 1261 3140 ,

166 3173 215 3226 41.
252 3192 359 3245 neque
377 3175 529 3231 divinum
547 3194 670 3230 numen
688 3177 845 3236 horreat,¹
858 3176 918 3230 weil
936 3175 1087 3230 dieGo'tter
1105 3175 1175 3228 nach
1194 3174 1257 3244 Epi·

100 3259 160 3295 curs
176 3243 294 3297 Ansicht
312 3243 364 3297 den
381 3245 579 3299 menschlichcn
597 3244 844 3314 Angclegenheiten
883 3243 988 3297 tnzlich
1006 3244 1065 3296 fern
1084 3243 1186 3304 stehen,
1205 3242 1259 3312 vgl.

100 3309 449 3376 denet.deor.115,45.
519 3331 577 3366 nec
595 3262 1023 3383 praeteritas-voluptates
1041 3311 1190 3364 effluere
1205 3328 1259 3431 pa·

103 3378 213 3434 tiatur
238 3381 317 3435 ‘noch
334 3399 503 3452 vergangene
522 3383 643 3436 Geniisse
662 3380 864 3435 entschwinden
890 3380 974 3443 ltsst',
1001 3380 1168 3441 1132104.
1227 3398 1259 3432 ur

99 3447 434 3518 Sachevgl.auch11'l‚
454 3456 494 3505 55.
515 3455 555 3515 19,
569 3455 609 3504 62.
681 3449 805 3520 quanti
823 3449 856 3502 in
874 3448 1039 3502 hominem
1058 3446 1258 3527 maximi-ca·

100 3515 175 3570 dere
192 3521 352 3588 possunt,
376 3518 424 3573 wie
442 3519 571 3600 deuamic.
590 3523 631 3582 20,
651 3522 684 3600 54
701 3521 781 3600 tanta
799 3521 841 3573 est
858 3517 929 3571 inter
947 3535 1000 3581 eos,
1019 3519 1122 3586 quanta
1141 3533 1259 3570 maxima

99 3586 1093 3726 iiiidifficitfiilielfdfllmilidmstfifiaigifizf<iiiia
1110 3585 1260 3724 sitiit?

100 3725 168 3776 statt
187 3723 260 3777 eines
277 3724 557 3794 Bsdingungssatzes:
592 3727 681 3788 1135,
702 3730 751 3779 116
774 3727 831 3796 lege
853 3724 1023 3779 laudationes
1043 3749 1089 3776 -ι
1124 3723 1261 3777 neminem

99 3791 204 3846 videbis
221 3792 263 3846 ita
280 3793 430 3847 laudatum.
449 3795 475 3846 V
493 3798 533 3857 24,
548 3797 577 3847 71
598 3798 705 3849 exstrue
723 3794 814 3849 animo
833 3793 1007 3848 altitudinem
1025 3792 1261 3861 excellentiamque

99 3860 247 3915 virtutum:
266 3861 322 3915 iam
340 3880 395 3916 non
413 3861 560 3916 dubitabis
597 3863 675 3916 Tuso.
694 3864 710 3916 I
729 3867 769 3927 13,
788 3867 828 3916 30.
856 3863 886 3916 Π
906 3867 946 3926 16,
965 3866 1006 3915 37.
1027 3867 1066 3926 17,
1086 3864 1127 3915 40.
1154 3861 1199 3914 III
1218 3863 1260 3920 20,

100 3932 130 3981 48
149 3949 176 3983 u.
196 3933 221 3984 ὃ.
293 3929 362 3984 dici
380 3933 440 3984 aut
457 3931 550 4000 fingi
568 3935 696 4000 potest,
716 3950 754 3985 or.
772 3951 798 4002 p.
817 3931 875 3985 Mil.
894 3935 919 3992 2,
938 3936 953 3983 5
973 3930 1038 4000 quid
1056 3929 1144 3998 magis
1164 3928 1259 3982 sollici·

100 3999 167 4060 turn,
185 3998 276 4067 magis
295 3998 441 4053 exercitum
459 3999 513 4053 dici
531 4003 580 4053 aut
597 4001 635 4052 fin
656 4000 783 4070 ipotest?
835 4017 894 4054 nec
913 4000 998 4054 enim
1016 3999 1123 4052 habet
1140 4001 1260 4051 nostra

100 4084 189 4120 mens
208 4067 397 4136 quiequam.
433 4068 588 4138 Torquatus
607 4017 660 4123 will
685 4087 783 4138 sagea,
811 4067 874 4122 dass
893 4067 942 4123 der
958 4067 1071 4122 Mensch
1094 4067 1157 4120 kein
1178 4065 1260 4120 hdch·

103 4137 155 4216 stes
174 4135 232 4189 Ziel
249 4135 320 4190 habe
338 4153 431 4191 ausser
449 4137 496 4190 der
513 4138 592 4190 Lust.
627 4137 665 4190 Ils
692 4137 730 4190 ist
756 4137 812 4190 also
831 4137 905 4191 aliud
923 4136 987 4216 oder
1004 4138 1142 4206 praeterea
1166 4153 1200 4187 zu
1223 4151 1260 4186 er·

101 4221 493 4344 tttt¹tut⁰utg¹²fllll;
511 4205 1019 4344 nlltll⁰tttttl⁰tftttltfl¹l
1032 4202 1261 4326 filiiflii

101 4342 245 4412 totumque
264 4340 408 4396 discrimen
427 4343 528 4397 summi
545 4343 610 4398 boni
628 4343 657 4396 in
684 4360 779 4398 earum
803 4341 1004 4413 comparatione
1030 4341 1151 4410 positum
1180 4343 1261 4408 putat
