3024 4938
368 335 430 391 Lm.
449 336 471 390 I.
508 335 574 391 Car.
593 335 757 391 le-XV.
794 338 824 401 §5
841 340 952 390 46-49.
1199 339 1240 401 33

96 513 191 570 tenore
213 514 315 590 atque
340 529 470 572 servare
492 507 538 584 id,
564 508 651 590 quod
675 507 738 592 ipsi
761 511 968 584 statuerunt,
998 528 1065 570 non
1088 514 1240 591 possunt,

96 609 161 672 victi
181 616 214 672 et
237 609 409 674 debilitati
432 609 564 674 obiecta
587 610 697 694 specie
720 609 904 692 voluptatis
926 608 1064 672 tradunt
1080 632 1115 673 se
1130 609 1243 674 libidi-

96 711 176 774 nibus
191 712 470 796 constringendos
486 733 559 791 nec,
585 712 664 796 quid
688 717 883 777 eventurum
907 710 962 788 sit,
987 712 1174 795 provident,
1201 714 1242 776 ob

95 834 213 896 eamque
230 836 367 878 causam
383 822 518 899 propter
533 815 742 899 voluptatem
767 823 802 878 et
824 835 959 899 parvam
983 820 1018 876 et
1040 836 1106 878 non
1129 835 1244 879 neces·

93 915 194 978 sariam
219 923 254 980 et
280 939 365 1001 quae
389 918 442 980 vel
466 916 564 980 aliter
586 923 758 1000 pararetur
781 923 815 980 et
839 915 1017 999 quostiam
1042 936 1151 980 carere
1167 936 1244 1000 pos-

93 1025 154 1079 sent
168 1017 236 1082 sinc
262 1019 380 1082 dolore
403 1029 476 1082 tum
499 1018 534 1082 in
552 1020 685 1082 morbos
708 1040 839 1102 graves,
863 1026 936 1081 tum
959 1018 992 1082 in
1016 1018 1146 1096 damna,
1171 1027 1244 1082 tum

92 1117 119 1181 iu
145 1119 308 1186 dedecora
339 1122 532 1199 incurrunt,
566 1142 664 1208 saepe
704 1121 803 1184 etiam
835 1121 950 1205 legum
982 1112 1243 1203 iudiciorumque

92 1223 188 1304 poenis
212 1225 420 1308 obligantur.
469 1222 536 1307 (48)
566 1224 632 1288 Qui
655 1229 767 1287 autem
791 1223 839 1286 ita
861 1223 926 1286 frui
948 1224 1068 1287 volunt
1090 1224 1244 1307 volupta-

92 1322 178 1404 tibus,
201 1335 241 1390 ut
256 1327 345 1391 nulli
367 1332 503 1412 propter
526 1348 580 1391 eas
598 1334 843 1410 consequantur
858 1327 1001 1404 dolores,
1027 1334 1061 1390 et
1077 1325 1133 1410 qui
1149 1347 1244 1388 suum

91 1424 233 1492 iudicium
255 1431 422 1508 retinent,
453 1452 494 1494 ne
519 1430 692 1514 voluptate
715 1429 796 1493 victi
820 1428 944 1493 faciant
967 1429 1020 1507 id,
1055 1429 1143 1512 quod
1171 1450 1244 1492 sen·

90 1528 164 1593 tiant
185 1555 251 1596 non
277 1555 351 1597 esse
374 1532 574 1610 faciendum,
599 1531 623 1594 ii
637 1532 846 1616 voluptatem
862 1530 1037 1594 maximam
1057 1531 1244 1615 adipiscun-

90 1637 136 1693 tur
155 1634 454 1717 praetermittenda
476 1635 661 1718 voluptate.
708 1634 814 1698 Iidem
845 1633 947 1697 etiam
973 1634 1122 1697 dolorem
1147 1655 1244 1717 saepe

92 1737 322 1817 perpetiuntur,
346 1760 399 1815 ne,
425 1737 453 1801 si
469 1737 502 1801 id
524 1759 592 1800 non
614 1735 750 1814 faciant,
775 1735 924 1800 incidant
947 1736 981 1799 in
1004 1737 1176 1800 maiorem:
1204 1755 1245 1798 ex

93 1853 147 1916 quo
166 1838 379 1924 intellegitur
402 1861 463 1904 nec
486 1838 776 1924 intemperantiam
799 1847 935 1922 propter
958 1859 993 1902 se
1017 1859 1088 1902 esse
1112 1837 1244 1922 fugien-

92 1938 155 2003 dam
174 1942 496 2028 temperantiamque
520 1941 757 2025 expetendam,
791 1963 858 2005 non
881 1940 956 2022 quia
979 1942 1170 2024 voluptates
1194 1939 1244 2002 su-

92 2041 158 2122 giat,
183 2047 242 2110 sed
267 2045 346 2131 quia
368 2045 508 2110 maiores
532 2052 765 2128 consequatur.
812 2044 888 2107 XV.
914 2041 984 2126 (49)
1008 2043 1132 2106 Eadem
1150 2042 1244 2106 forti·

92 2146 201 2211 tudinis
225 2151 314 2214 ratio
338 2148 531 2234 reperietur.
562 2149 650 2212 Nam
674 2168 780 2230 neque
803 2146 953 2210 laborum
977 2144 1164 2229 perfunctio
1187 2165 1244 2208 ne·

92 2268 143 2328 que
164 2253 337 2338 perpessio
363 2253 515 2316 dolorum
539 2273 597 2335 per
619 2275 654 2315 se
677 2250 749 2334 ipsa
773 2249 889 2328 allicit,
914 2269 975 2312 nec
999 2247 1161 2332 patientia
1183 2268 1244 2310 nec

91 2351 257 2420 assiduitas
273 2375 335 2419 nec
358 2353 494 2440 vigiliae
517 2375 578 2418 nec
601 2353 683 2438 ipsa,
709 2373 792 2436 quae
815 2351 980 2428 laudatur,
1005 2349 1178 2426 industria,
1203 2369 1244 2412 ne

89 2451 238 2523 tortitudo
267 2457 417 2542 quidem,
448 2457 507 2522 sed
530 2457 595 2520 ista
619 2456 802 2539 sequimur,
832 2462 870 2519 ut
894 2453 964 2518 sine
988 2476 1064 2518 cura
1088 2447 1244 2536 r'netuque

90 2553 224 2624 vivamus
255 2561 465 2646 animumque
490 2568 524 2624 et
549 2581 687 2644 corpus,
719 2566 879 2642 quantum
909 2559 1036 2620 efficere
1065 2555 1243 2640 possimus,

90 2659 229 2726 molestia
264 2663 455 2726 liberemus.
501 2661 549 2725 Ut
581 2661 668 2725 enim
701 2661 817 2724 mortis
849 2669 943 2724 metu
975 2659 1080 2723 omnis
1114 2657 1244 2741 quietae

91 2757 165 2825 vitae
189 2771 300 2829 status
324 2767 537 2850 perturbatur
561 2772 594 2828 et
618 2771 656 2827 ut
680 2764 894 2827 succumbere
918 2761 1089 2826 doloribus
1123 2779 1243 2843 eosque

90 2859 195 2929 humili
217 2867 328 2932 animo
352 2868 585 2951 imbecilloquc
616 2867 702 2931 ferre
735 2866 891 2930 miserum
923 2873 993 2943 est,
1032 2863 1073 2928 ob
1108 2882 1244 2944 eamque

90 2961 291 3034 debilitatem
315 2970 417 3035 animi
440 2969 538 3033 multi
561 2975 733 3054 parentes,
768 2968 866 3031 multi
895 2967 1038 3045 amicoS,
1072 2987 1138 3030 non
1161 2962 1245 3027 nulli

150 3173 196 3229 48.
234 3175 620 3246 necintsmperantiam
642 3203 670 3213 -
691 3173 959 3244 temperantiam
988 3190 1035 3226 ue.
1062 3169 1243 3224 DieVerbin-

93 3235 158 3310 dung
173 3263 225 3299 von
245 3262 332 3314 neque
350 3246 422 3311 (nco)
441 3273 473 3283 -
493 3261 544 3314 que
563 3245 634 3296 statt
651 3259 737 3311 neque
757 3271 789 3280 -
808 3245 835 3294 et
854 3241 892 3294 iot
910 3241 954 3295 bei
994 3240 1027 3293 ic.
1045 3238 1138 3292 selten.
1156 3238 1201 3292 111
1222 3241 1243 3316 l,

93 3307 108 3355 3
124 3325 165 3364 nec
180 3314 254 3369 enim
272 3313 302 3368 in
315 3313 450 3384 Torquati
468 3329 593 3368 sermone
610 3311 757 3380 quicquam
774 3309 947 3379 implicatum
960 3310 1010 3362 aut
1021 3309 1177 3360 tortuosum
1190 3306 1245 3385 furt

91 3381 243 3452 nostraque,
270 3387 303 3438 ut
329 3381 399 3436 mihi
425 3382 552 3445 videtur,
580 3379 698 3435 dilucida
724 3378 820 3433 oratio.
857 3397 895 3432 or.
914 3377 944 3431 in
961 3377 1021 3430 Cat.
1040 3375 1069 3428 11
1088 3378 1128 3436 18,
1147 3377 1181 3426 28
1200 3391 1244 3426 vix

91 3448 229 3514 orandum
247 3449 363 3516 videtur,
381 3455 413 3506 ut
431 3469 516 3521 neque
534 3449 622 3505 bonus
640 3449 785 3519 quisquam
803 3447 922 3502 intereat
939 3459 1145 3524 paucorumque·
1158 3459 1244 3513 poena

90 3529 130 3592 vos
146 3517 199 3574 iam
218 3539 311 3575 omnes
331 3520 399 3574 salvi
416 3538 473 3574 esse
491 3519 611 3600 possitis.
700 3533 766 3597 nou
784 3515 864 3597 quia
883 3545 913 3596 '.‘
934 3515 990 3570 sed
1008 3531 1103 3636 pura,
1124 3529 1182 3596 eruc
1201 3510 1245 3592 bei

91 3579 137 3658 ‚Clo
155 3589 277 3644 ziemlich
294 3589 404 3658 h‘aufige
422 3587 615 3658 Verbmdung,
634 3587 678 3641 die
696 3586 770 3648 hier,
794 3585 854 3640 weil
871 3584 915 3639 dre
932 3583 1007 3638 Reda
1020 3600 1080 3635 orm
1103 3580 1244 3650 abhangrg

92 3655 130 3715 1⁸b
146 3656 195 3712 don
213 3657 382 3727 Oonjunotiv
400 3657 444 3711 bei
463 3656 521 3710 sich
539 3657 596 3712 hat.
632 3657 690 3710 Der
707 3653 846 3708 Indioativ
863 3652 948 3707 findet
966 3651 1024 3707 sich
1043 3669 1068 3704 a.
1085 3648 1119 3705 B.
1137 3649 1171 3703 do
1189 3667 1244 3703 sen.

91 3721 111 3781 3,
126 3726 140 3774 9
157 3745 211 3783 non
229 3727 318 3782 solum
336 3726 400 3796 quia
419 3724 554 3790 deserunt,
574 3756 606 3764 -
624 3742 717 3780 verum
737 3724 820 3778 etiam
838 3723 911 3793 quia.
936 3740 975 3775 or.
992 3741 1020 3792 p.
1038 3717 1131 3774 Plano.
1150 3723 1191 3782 38,
1211 3722 1243 3770 78

91 3804 138 3844 nou
169 3796 216 3851 uia
235 3795 329 3859 debeo,
347 3794 394 3850 sed
412 3795 477 3864 quia
496 3811 574 3865 saepe
592 3793 736 3848 concurrit.

149 3814 197 3919 dt.
216 3864 343 3919 Eadem
360 3861 595 3918 fortitudinis
613 3863 715 3917 ratio.
734 3862 786 3915 Die
798 3865 823 3915 3.
836 3858 1069 3930 Cardineltugend
1089 3856 1244 3938 (dydpstu).

91 3931 274 3992 perfunctio
292 3951 345 3988 nur
363 3933 422 3987 hier
439 3933 496 3988 und
514 3932 547 3987 de
566 3937 634 3987 orat.
652 3932 698 4003 ¹III
716 3935 739 3994 2,
760 3934 774 3984 7
793 3930 927 3984 honorum
946 3948 972 3999 p.
1050 3929 1243 3997 patientia,

90 3997 175 4070 palene
192 4003 272 4058 Tusa.
290 4003 321 4063 H
340 4006 386 4067 13,
404 4005 438 4056 32
456 4022 490 4058 au
508 4002 561 4056 den
578 4000 798 4082 Begleiterinnen
815 3998 863 4052 der
881 3997 1015 4052 fortitudo
1033 3995 1144 4066 gszdhlt
1168 3993 1244 4074 wird.

92 4078 163 4139 ΗΜ,
181 4091 264 4142 quae
282 4072 456 4134 laudatur,
474 4071 654 4125 industris
672 4070 710 4122 ist
728 4068 861 4138 disjenige
879 4066 1049 4136 Thatigkeit
1068 4062 1166 4119 welche
1184 4062 1243 4115 sich

91 4147 121 4213 111Ι
129 4139 212 4195 ciuem
230 4141 414 4222 energischen,
433 4139 485 4194 mit
502 4140 693 4220 Anspannung
712 4136 887 4218 allernKrafte
903 4134 1104 4217 ausgefiihrtcn
1116 4130 1244 4212 Idaudsln

91 4211 174 4349 tt..
191 4202 1178 4350 mallei?rilgldbllbld,⁶bloi?dllllatl¹⁰llldal¹⁰sltlll
1197 4199 1244 4348 tt

90 4348 166 4402 Vlrtus
183 4348 288 4419 gelasst
306 4347 420 4404 werden.
491 4348 535 4401 Ut
554 4345 641 4401 enim
660 4375 692 4382 -
711 4343 760 4398 sic
780 4341 859 4396 ‘deun
878 4341 926 4395 wie
945 4341 997 4395 auf
1010 4340 1057 4394 der
1075 4355 1152 4392 emen
1171 4337 1244 4390 Seite

91 4485 94 4491 Ι
126 4432 270 4486 Holstciu,
286 4435 333 4476 Clo.
349 4436 377 4474 de
391 4435 428 4473 fin.
1013 4428 1028 4475 3
