3020 4948
248 322 310 384 126
484 316 535 374 DE
552 317 704 374 FINIBUS
722 317 907 374 BONORUM
924 318 972 372 ET
990 317 1179 402 MALORUM

246 496 281 554 ee
304 489 382 574 quio
404 497 439 552 'oe
462 489 567 552 habeo
591 488 826 574 aequissimum
849 509 962 553 eorum
985 489 1191 562 studiorum,
1218 489 1408 574 quaemihi

246 592 433 658 communio
454 599 567 656 laeum
589 597 679 669 sunt,
704 590 962 656 existimaiorem
986 598 1021 656 ei
1036 591 1191 658 iudieem.
1238 590 1410 656 dilaudas

245 696 359 780 igilur,
384 701 422 758 ut
444 695 545 774 soles,
570 693 752 776 diligenter
766 714 902 777 eamque
919 693 1177 758 controversiam
1194 693 1409 770 diiudicabis,

246 817 329 882 quae
352 796 434 861 mihi
457 796 522 861 fuir
544 817 619 860 oum
642 796 805 859 avunculo
828 803 898 874 tuo,
924 796 1035 861 divino
1060 819 1097 861 ao
1117 796 1278 880 singulari
1299 795 1381 859 viro.

331 899 371 984 (7)
403 900 492 964 Nom
514 899 549 962 in
571 898 758 962 Tusculano
783 921 858 962 oum
882 921 987 964 essem
1016 899 1203 984 vellemque
1236 921 1253 962 e
1284 897 1409 963 biblio·

244 1005 343 1068 theca
365 1001 459 1088 pueri
480 1001 614 1065 Luculli
638 1000 837 1086 quibusdam
860 1001 953 1066 libris
977 1002 1028 1066 uei
1038 1051 1048 1081 ‚
1081 1001 1157 1066 veni
1179 1001 1214 1066 in
1241 1001 1312 1066 eius
1344 999 1410 1064 vil-

243 1106 320 1185 lam,
343 1113 383 1169 ud
406 1126 462 1168 eos
485 1103 566 1188 ipse,
591 1111 629 1167 ut
652 1104 811 1182 solebam,
837 1104 1074 1188 depromerem.
1099 1103 1174 1168 Quo
1199 1126 1274 1168 eum
1297 1104 1410 1168 venis-

244 1231 324 1288 sem,
348 1209 397 1272 M.
423 1207 596 1286 Catonem,
621 1229 720 1291 quem
742 1206 791 1270 ibi
814 1229 886 1272 esse
908 1207 1111 1285 nescierim,
1136 1207 1204 1272 vidi
1226 1207 1261 1271 in
1283 1205 1409 1271 biblio-

243 1315 341 1376 theoa
364 1311 546 1389 sedentem,
572 1309 687 1374 multis
711 1309 947 1375 oiroumfosum
972 1311 1159 1376 Stoicorum
1180 1309 1287 1374 libris.
1320 1309 1406 1374 Erae

244 1414 331 1480 enim
343 1462 353 1493 ,
386 1420 425 1476 ut
449 1412 532 1491 seis,
567 1412 662 1477 ineo
687 1411 828 1478 aviditas
856 1413 991 1497 legendi
1022 1433 1083 1477 nee
1115 1412 1229 1477 satiari
1259 1418 1405 1496 poterat,

243 1514 363 1600 quippe
388 1515 443 1598 qui
465 1536 506 1577 ue
529 1513 818 1597 reprehensionem
842 1512 974 1596 quidem
997 1514 1091 1598 vulgi
1107 1514 1236 1578 inonem
1255 1512 1408 1577 reformi-

243 1618 324 1682 dans
346 1617 381 1681 in
404 1617 475 1701 ipsa
498 1617 587 1680 ouria
611 1615 735 1681 soleret
758 1617 869 1700 legere
893 1637 1011 1700 saepe,
1043 1617 1122 1681 dum
1146 1622 1281 1680 senalus
1305 1637 1406 1698 eoge-

242 1727 348 1798 reiur,
381 1719 466 1785 nihil
489 1741 607 1804 operae
629 1719 677 1783 rei
700 1719 853 1802 publicae
877 1719 1069 1785 detrahens:
1111 1742 1174 1804 quo
1202 1718 1406 1802 megistum

242 1824 275 1886 in
298 1845 426 1888 summo
450 1822 518 1887 otio
542 1823 749 1906 maximoque
774 1822 868 1907 eopia
891 1823 984 1906 quasi
1007 1823 1149 1887 helluari
1163 1821 1270 1895 libris,
1296 1822 1323 1885 si
1340 1823 1406 1884 hoo

242 1925 341 1990 verbo
365 1925 400 1990 in
422 1932 491 1989 tam
516 1925 603 1989 olara
635 1947 669 1989 re
702 1925 864 1989 utendum
897 1933 968 2004 est,
1002 1925 1188 1990 videbatur.
1235 1923 1279 2008 (8)
1304 1923 1410 1988 Quod

242 2050 316 2092 oum
339 2027 529 2106 aeoidissei,
552 2037 590 2091 u‘o
613 2028 699 2091 alter
721 2027 864 2091 alterum
880 2047 941 2091 ueo
958 2027 1090 2112 opinato
1107 2027 1305 2106 videremus,
1328 2049 1406 2090 sur-

239 2131 327 2194 rexio
349 2130 475 2195 statim.
503 2130 633 2194 Deinde
658 2129 761 2214 primo
782 2129 852 2208 illa,
878 2151 961 2212 quae
984 2130 1018 2193 in
1041 2151 1221 2214 congressu
1245 2129 1405 2209 solemne,

241 2233 330 2298 Quid
353 2241 402 2313 tu,
426 2232 545 2317 inquit,
570 2233 654 2296 hue?
679 2254 697 2295 a
719 2232 800 2296 villa
823 2231 921 2310 enim,
947 2231 1057 2311 eredo,
1082 2240 1127 2311 ei,
1151 2232 1180 2296 si
1202 2231 1249 2295 ibi
1271 2239 1306 2295 de
1328 2253 1407 2298 esse

240 2337 387 2416 soissem,
412 2336 454 2401 ad
477 2343 512 2414 ‘oe
535 2334 605 2419 ipse
628 2334 804 2400 venissem.
851 2334 943 2414 Heri,
967 2335 1112 2419 iuquam,
1136 2335 1224 2399 ludis
1248 2334 1406 2400 sommis-

241 2441 285 2502 sis
310 2461 351 2503 ex
372 2439 454 2502 urbe
476 2437 647 2522 profectus
670 2438 745 2502 veni
768 2438 810 2502 ad
838 2459 1012 2522 vesperum
1020 2464 1029 2515 3
1064 2459 1163 2502 eausa
1194 2444 1304 2502 sutem
1334 2437 1410 2502 fuir

240 2545 305 2606 hue
328 2539 502 2618 veniendi,
536 2545 575 2603 ut
598 2541 758 2624 quosdam
781 2540 858 2606 hino
882 2540 985 2604 libros
1009 2562 1205 2624 promerem.
1251 2542 1298 2606 Ei
1327 2541 1407 2624 qui-

240 2645 335 2721 dem,
365 2643 469 2721 (loto,
503 2643 589 2706 hane
612 2647 720 2706 ‘oolam
743 2641 871 2726 eopiam
894 2643 960 2706 iam
983 2643 1125 2707 Imoullo
1149 2651 1263 2709 nostro
1287 2650 1406 2708 nolam

239 2872 299 2921 tum
317 2865 486 2936 processeris.
567 2865 737 2919 avunculo
756 2867 820 2919 ino.
857 2865 945 2920 Ueber
963 2866 1012 2920 das
1030 2866 1406 2923 Verwand’osohailsverhiill·

239 2938 299 2990 niss
317 2935 452 2990 zwisohen
468 2933 572 2988 Brulus
590 2934 648 2988 und
666 2933 735 2988 Caio
754 2953 775 2988 s.
794 2953 827 2988 zu
846 2936 859 2998 5
877 2939 902 2990 8.

309 3004 335 3060 7.
371 3004 406 3058 in
425 3002 628 3058 Tusculano.
664 3003 722 3058 Das
740 3001 872 3073 Landgui
884 3002 992 3058 Ciceros
1010 3003 1056 3075 lag
1073 3003 1118 3058 bei
1135 3005 1282 3059 Tusculum
1300 3004 1330 3057 in
1346 3004 1403 3060 La-

239 3073 318 3128 iium.
354 3074 381 3126 S.
400 3089 434 3126 zu
451 3073 466 3126 I
484 3077 508 3136 5,
528 3077 568 3125 14.
649 3071 681 3127 L.
700 3069 863 3126 Irioinius
881 3069 1059 3135 Irueullus,
1079 3073 1126 3128 der
1143 3073 1219 3128 Sohn
1236 3071 1284 3126 des
1301 3072 1335 3126 de
1352 3073 1403 3127 lin.

238 3144 268 3198 H
285 3146 327 3206 33,
347 3145 396 3196 107
416 3141 573 3196 erwiihnien
591 3141 623 3194 L.
642 3141 766 3198 Lieinius
784 3140 914 3196 Lucullus
932 3140 1082 3203 Pontious,
1109 3143 1153 3197 fiel
1170 3142 1188 3196 i.
1206 3143 1233 3195 J,
1251 3145 1284 3194 42
1302 3141 1332 3194 in
1349 3141 1403 3196 der

238 3210 367 3266 Sohlaoht
384 3210 428 3266 bei
445 3207 573 3282 Philippi
600 3209 858 3274 vulpennius
877 3229 932 3265 non
950 3209 1025 3264 aliud
1043 3209 1142 3264 bellum
1161 3209 1299 3266 erueniius
1318 3211 1403 3264 oaede

238 3281 451 3336 clarissimorum
467 3279 589 3336 virorum
607 3279 675 3334 fuit:
703 3283 764 3334 tum
781 3279 895 3334 Catonis
913 3278 985 3334 filius
1003 3277 1117 3342 osoidil‚
1142 3279 1235 3335 eadem
1252 3279 1402 3334 Lucullum

237 3350 489 3418 Hortensiumque,
516 3348 795 3404 eminentissimorum
814 3348 913 3402 eivium
932 3347 1018 3412 filios,
1045 3347 1157 3403 forinna
1184 3347 1307 3402 abstulit.
1343 3347 1404 3402 Der

237 3419 323 3473 Vaier
339 3419 417 3473 hatte
435 3437 498 3472 zum
516 3418 659 3472 Vormund
678 3417 764 3472 seines
782 3417 890 3472 Sohnes
905 3417 1000 3471 dassen
1026 3415 1123 3471 Ohoim
1149 3416 1220 3471 (laio
1247 3415 1401 3480 bestimmt,

238 3488 286 3542 ilm
304 3488 368 3543 aber
386 3487 456 3541 aueh
475 3485 535 3541 dem
554 3486 609 3541 Cio.
628 3487 657 3540 iu
675 3487 777 3540 seinem
796 3486 954 3540 Tesiamont
972 3485 1134 3556 empfohlsn.
1192 3486 1226 3540 in
1245 3486 1319 3540 eius
1337 3485 1402 3541 vil·

238 3558 305 3612 lam
323 3575 344 3612 s.
364 3575 397 3611 zu
415 3557 445 3610 11
463 3559 504 3618 33,
524 3560 582 3610 107.
669 3556 708 3610 Μ.
726 3555 872 3610 Poroius
890 3553 974 3608 cauo
993 3573 1013 3609 ι.
1032 3554 1104 3608 llinl.
1191 3555 1314 3609 multis
1332 3554 1402 3608 oir-

238 3625 429 3680 eumfusum
447 3624 643 3680 Stoicorum
661 3624 778 3679 libris:
808 3642 846 3678 or.
855 3642 881 3694 p.
891 3623 950 3678 Mil.
961 3627 1002 3686 26,
1014 3627 1046 3676 71
1064 3622 1117 3678 illis
1135 3623 1307 3693 publicorum
1324 3641 1402 3694 prae-

238 3693 370 3748 sidiorum
382 3711 413 3748 eo
432 3692 467 3748 iis
485 3693 666 3748 eiroumfusus
687 3693 769 3747 sedei.
806 3692 959 3747 aviditas
977 3691 1127 3763 legendi.
1146 3691 1401 3748 MehrereHdsohr.

238 3761 330 3816 haben
344 3762 390 3816 ine
427 3765 509 3816 ausis
527 3780 568 3816 av.
586 3762 651 3832 leg„
670 3761 798 3818 wodoreh
817 3761 881 3816 aber
898 3759 957 3815 eine
974 3760 1136 3833 Taulologie
1153 3762 1284 3816 entslahi.
1318 3762 1402 3816 Auoh

237 3829 324 3953 iniit
342 3829 660 3952 siol12⁰dasAdjeotivum
687 3835 744 3885 ersi
770 3830 813 3885 bei
840 3831 921 3900 Verg.
940 3847 1000 3884 sen.
1019 3829 1046 3883 X
1065 3834 1115 3884 174
1132 3830 1189 3885 und
1208 3831 1271 3886 Tae.
1288 3829 1354 3884 hist.
1373 3831 1401 3884 V

255 3940 261 3954 .
306 3917 370 3954 erm.
425 3939 431 3952 .

306 3967 336 4023 8.
373 3965 455 4037 quid
472 3968 510 4021 iu
529 3995 561 4006 -
580 3966 662 4022 hue?
679 3967 762 4022 nimi
779 3967 864 4021 venis.
888 3966 914 4019 V
933 3971 955 4032 1,
977 3972 989 4020 1
1009 3967 1102 4038 iisque
1120 3967 1155 4021 ad
1173 3969 1282 4039 tempus
1300 3967 1335 4021 ad
1352 3967 1399 4022 Pi·

237 4054 330 4091 sonem
349 4053 441 4091 omnes
459 4035 542 4090 niiml.
560 4036 692 4091 venimus.
762 4035 855 4091 ludis
875 4035 1076 4091 commissis.
1100 4037 1143 4091 Im
1160 4037 1260 4091 Menai
1278 4037 1399 4108 Septem-

237 4106 285 4161 ber
301 4104 413 4161 wurden
430 4103 475 4158 die
492 4103 551 4159 ludi
568 4103 695 4169 Romani,
714 4105 758 4161 ein
776 4103 949 4175 allgemeinas
965 4105 1122 4170 Volksfest,
1140 4105 1253 4160 welohes
1271 4108 1362 4161 rueret
1382 4112 1397 4159 1

237 4175 296 4256 'fag
314 4175 434 4236 doneris,
449 4173 525 4229 daun
543 4173 625 4228 auf4
643 4173 700 4228 und
718 4179 734 4228 6
752 4174 828 4244 Tage
845 4172 1017 4244 ausgedehnls
1033 4175 1141 4238 wurde,
1168 4193 1203 4229 zu
1230 4173 1323 4230 Ehren
1349 4173 1399 4228 des

237 4242 460 4314 capitolinisohen
477 4243 594 4314 Jupiter,
614 4242 662 4298 der
679 4242 753 4298 Juno
771 4243 828 4298 und
845 4242 970 4298 Minerva
987 4242 1110 4312 gefeier'o.
1145 4243 1246 4297 Sobald
1264 4242 1314 4298 dss
1331 4243 1399 4298 Fest

237 4313 377 4384 hegennen
397 4313 492 4378 hatte,
521 4330 551 4366 so
569 4315 628 4366 irai
645 4310 694 4366 das
712 4312 852 4367 iustitium
871 4311 931 4376 ein,
958 4311 1006 4366 das
1031 4313 1092 4366 dem
1109 4311 1223 4367 Richter
1249 4315 1400 4383 gesiatteie
