3020 4948
385 331 447 386 na.
465 331 504 386 Π.
539 330 604 385 cn.
623 329 778 385 viu-rx.
814 332 843 396 §5
862 333 972 387 a-rr.
1221 333 1261 396 65
1315 411 1316 416 Ν

99 511 153 567 tur
174 503 349 586 voluptas,
380 523 446 564 non
477 503 585 564 solum
612 509 651 564 ut
677 507 768 565 recta
791 502 988 584 sequamini,
1018 503 1077 566 sed
1102 501 1200 567 etiam
1224 509 1261 566 nt

101 606 189 691 loqui
205 606 325 682 deceat
341 603 526 688 frugaliter.
549 602 613 688 (26)
629 606 852 668 Possumusne
869 627 947 688 ergo
964 605 998 668 in
1012 604 1082 668 vita
1098 629 1262 669 summum

108 713 223 774 bonum
250 709 374 787 dicare,
404 729 479 770 oum
505 708 540 771 id
567 729 607 771 ne
631 707 665 770 in
693 729 773 771 cena
797 707 928 790 quidem
953 730 1049 791 posse
1072 708 1261 772 videamur?

183 814 263 878 Quo
296 811 393 875 modo
421 818 533 874 autem
560 809 776 896 philosophus
804 809 972 896 loquitur?
1023 811 1113 874 ‘Tria
1140 833 1262 894 genera

107 915 338 1000 cupiditatum:
366 912 534 978 naturales
559 919 593 976 et
619 911 839 990 necessariae,
867 913 1033 976 naturales
1057 919 1091 976 et
1113 935 1180 976 non
1206 934 1262 977 na·

111 1018 276 1095 caesariae,
310 1036 370 1078 nec
402 1016 570 1079 naturales
602 1036 662 1078 nec
693 1014 921 1078 necessariae!
970 1015 1116 1078 Primum
1149 1014 1262 1078 divisit

108 1120 320 1204 inelegantem
347 1117 411 1182 duo
435 1117 522 1181 enim
545 1139 667 1201 genera
690 1139 771 1201 quaa
796 1127 890 1181 erant
912 1117 993 1182 fecit
1016 1121 1094 1181 tria:
1124 1119 1187 1182 hoc
1210 1124 1262 1181 est

106 1247 164 1288 non
187 1223 354 1300 dividere,
386 1222 444 1285 sed
467 1221 630 1306 frangere.
676 1220 743 1284 Qui
765 1223 847 1284 haec
871 1221 1074 1299 didicerunt,
1101 1243 1182 1306 quae
1205 1221 1261 1285 ille

101 1325 297 1403 coutemnit,
322 1323 367 1387 sic
384 1325 510 1388 solent:
539 1324 614 1388 Duo
637 1345 759 1407 genera
782 1323 1012 1407 cupiditatum,
1037 1325 1204 1388 naturales
1228 1330 1262 1388 et

105 1429 211 1493 inanes
221 1454 230 1505 3
257 1426 457 1491 naturalium
473 1426 549 1505 duo,
573 1426 776 1490 necessariae
795 1429 829 1489 et
847 1447 913 1489 non
928 1426 1141 1490 necessariae.
1176 1426 1262 1490 Con-

106 1533 189 1596 fecta
214 1555 268 1596 ras
293 1538 398 1607 asset;
432 1529 590 1594 vitiosum
617 1537 668 1593 est
698 1529 784 1593 anim
811 1529 846 1592 in
875 1528 1050 1594 dividendo
1079 1537 1205 1614 partem
1230 1530 1262 1594 in

113 1656 221 1717 genere
244 1655 426 1698 numerare.
453 1631 514 1716 (27)
540 1633 606 1697 Sed
629 1634 692 1696 hoc
716 1652 793 1695 sane
817 1631 1049 1695 concedamus:
1080 1633 1263 1697 contemnit

116 1738 196 1800 enim
221 1737 400 1801 disserendi
428 1736 643 1820 elegantiam
675 1734 809 1799 confuse
832 1734 994 1819 loquitur:
1023 1737 1187 1820 gerendus
1212 1746 1264 1801 est

116 1861 192 1918 mos,
215 1840 306 1904 modo
331 1847 421 1903 recta
445 1839 578 1902 sentiat.
612 1837 776 1922 Equidem
798 1837 883 1901 illud
904 1838 1013 1923 ipsum
1036 1860 1103 1903 uon
1126 1839 1262 1904 nimium

109 1943 206 2025 probo
229 1949 263 2005 et
285 1946 416 2006 tantum
439 1941 563 2025 patior,
588 1940 823 2028 philosophum
845 1940 938 2024 loqui
961 1941 1001 2004 da
1025 1941 1263 2026 cupiditatibus

107 2045 266 2108 finiendis.
312 2046 367 2108 An
397 2047 511 2128 potest
542 2042 705 2127 cupiditas
736 2041 843 2108 finiri?
888 2040 1050 2106 Tollenda
1082 2049 1132 2106 est
1163 2053 1262 2129 atque

109 2147 307 2212 extrahenda
329 2147 499 2211 radicitus.
546 2145 630 2210 Quis
655 2152 706 2208 est
729 2145 831 2223 enim,
862 2146 984 2229 inquo
1013 2144 1058 2208 sit
1086 2146 1260 2229 cupiditas,

107 2249 175 2332 quin
205 2256 299 2315 recte
329 2248 466 2334 cupidus
499 2249 564 2312 dici
594 2247 720 2332 possit?
767 2248 855 2331 Ergo
887 2254 920 2311 et
946 2269 1063 2311 avarus
1092 2247 1171 2326 erit,
1205 2249 1262 2311 sed

104 2352 204 2431 finite,
231 2356 266 2416 et
281 2351 421 2430 adulter,
442 2373 557 2414 verum
572 2349 711 2414 habebit
726 2350 870 2428 modum,
893 2356 927 2413 et
942 2349 1129 2413 luxuriosus
1147 2349 1262 2414 eodem

104 2455 211 2520 modo.
246 2454 364 2518 Qualis
378 2454 444 2518 ista
459 2452 668 2538 philosophia
684 2459 746 2531 est,
768 2474 851 2536 quae
871 2474 937 2516 non
958 2451 1130 2516 interitum
1148 2454 1263 2517 afferat

103 2556 291 2640 pravitatis,
321 2556 379 2620 sed
407 2556 452 2619 sit
480 2560 637 2620 contenta
665 2555 893 2620 mediocritate
916 2555 1093 2624 vitiorum?
1139 2554 1262 2620 Quam-

101 2682 201 2742 quam
223 2660 260 2722 iu
281 2661 343 2722 hac
366 2658 527 2723 divisione
549 2680 619 2722 rem
639 2657 743 2741 ipsam
764 2680 896 2743 prorsus
920 2659 1035 2742 probo,
1061 2658 1263 2742 elegantiam

100 2763 266 2827 desidero.
300 2762 460 2846 Appellat
480 2763 561 2824 haec
579 2759 740 2824 desideria
756 2766 908 2824 naturae:
936 2760 1127 2844 cupiditatis
1143 2782 1262 2826 nomen

99 2869 213 2932 servet
235 2863 311 2942 alio,
336 2871 374 2927 ut
398 2885 480 2942 eam,
506 2885 580 2926 cum
604 2862 644 2926 de
668 2862 816 2940 avaritia,
841 2884 915 2926 cum
939 2862 979 2926 de
994 2862 1260 2947 intemperantia,

99 2989 175 3031 oum
207 2967 248 3030 de
276 2965 427 3059 maximis
453 2965 543 3029 vitiis
572 2965 741 3049 loquetur,
771 2970 940 3049 tamquam
969 2965 1085 3048 capitis
1115 2974 1260 3035 accuset.

170 3168 287 3238 Epicur·
305 3168 486 3240 Eintheilnng
504 3169 551 3222 der
568 3166 718 3238 Begierden
736 3168 774 3221 ist
791 3169 868 3222 nicht
885 3167 968 3222 riohti
992 3209 999 3230 ,
1023 3167 1095 3222 darm
1118 3185 1146 3222 er
1170 3168 1263 3223 macht

104 3255 157 3290 ans
175 3237 241 3292 zwei
257 3237 365 3293 Gattun
400 3256 419 3291 n
438 3238 494 3292 drsi
512 3235 570 3291 und
587 3235 759 3291 varwachselt
776 3236 819 3290 die
831 3235 858 3290 N
860 3235 977 3291 aturtrie
997 3253 1011 3288 e
1029 3237 1081 3291 mit
1092 3234 1144 3290 deu
1156 3235 1262 3306 Bagier·

103 3304 159 3360 dan
179 3307 205 3370 (ξ
223 3309 262 3359 26.
279 3310 335 3373 27).
395 3307 474 3376 picur
490 3303 678 3427 widerspricht
697 3303 769 3365 sich,
796 3304 888 3358 indam
914 3321 942 3357 ar
968 3303 1012 3358 dia
1037 3304 1109 3359 Lust
1134 3305 1187 3358 mit
1217 3304 1264 3358 der

101 3373 361 3446 Schmerzlosiglreit
373 3373 522 3437 verbindet,
541 3373 584 3428 dia
604 3377 705 3428 statere
723 3373 762 3427 als
780 3373 829 3426 das
842 3371 957 3427 hdchsta
969 3371 1027 3427 Gnt
1044 3371 1185 3426 bestimmt
1207 3373 1263 3426 und

100 3442 146 3498 die
165 3443 238 3498 Luat
254 3443 381 3526 ganzlich
399 3443 555 3498 herabsatat
573 3445 597 3509 (ξ
616 3445 738 3507 29-30).
766 3441 841 3512 (Gap.
861 3445 967 3506 9-10.)

172 3511 269 3583 loqur
287 3512 412 3566 deceat.
447 3511 535 3566 Nicht
553 3511 623 3566 ohne
639 3511 784 3581 Anspruch
802 3510 853 3565 auf
866 3509 1007 3580 Billigung
1024 3509 1063 3564 ist
1079 3509 1185 3580 ngars
1199 3511 1263 3564 Ver-

100 3581 245 3652 muthrmg
263 3581 373 3648 (Philol
392 3581 447 3634 XX
465 3583 541 3647 372):
560 3579 635 3650 loqui
652 3579 740 3634 liccat.

173 3648 224 3703 26.
261 3650 339 3704 'l’ria
384 3650 743 3711 eneraatc.s.113,45.
848 3647 1070 3718 ineleganter
1094 3645 1263 3716 ‘unlogisch'',

101 3718 182 3772 Tusa.
201 3720 276 3782 123,
294 3723 328 3772 55
348 3669 483 3789 oiaganter
500 3717 560 3772 ‘mit
577 3717 711 3788 logischer
727 3715 869 3770 Feinheit’.
959 3715 1127 3770 Confecta
1144 3734 1197 3769 res
1215 3735 1262 3770 es·

102 3791 155 3841 set
176 3787 260 3842 nimi
279 3805 357 3842 wana
376 3805 404 3842 er
421 3805 451 3842 so
469 3787 635 3858 gesproohen
651 3786 738 3841 hatte.

173 3854 221 3910 27.
259 3855 454 3910 disserendi
472 3855 681 3926 elegantiam
708 3853 760 3907 ‘dia
782 3853 902 3924 logischa
920 3853 1108 3923 Richtiglreit'‚
1137 3853 1214 3914 iisse.
1234 3854 1264 3907 11

103 3927 127 3986 2,
147 3928 173 3978 6.
209 3925 262 3979 Dia
279 3924 374 3979 Worte
393 3925 487 3979 stehsn
505 3925 543 3979 im
560 3925 711 3992 Gegensatz
729 3942 764 3976 zu
781 3921 892 3976 confuse
914 3922 1042 3993 loquitur.
1131 3940 1194 3976 non
1215 3924 1263 3976 ni·

102 3993 212 4047 mium
231 3993 369 4048 adverbial
387 3993 473 4047 ‘nicht
490 4012 524 4047 zu
543 3993 619 4046 aehr'.
723 3991 971 4062 philosophum
988 3991 1083 4062 loqui
1100 3991 1264 4113 Apposition

102 4079 137 4114 zu
154 4061 223 4115 illud
241 4062 341 4132 ipsum.
398 4063 584 4116 interitum
602 4060 734 4114 afferat
751 4058 957 4129 pravitatis:
976 4059 1127 4131 gawdhnlic
1148 4078 1176 4113 er
1193 4063 1264 4115 wilre

103 4129 151 4184 dar
168 4129 235 4184 Dat.
253 4131 393 4202 pravitati,
412 4130 474 4186 aber
494 4131 536 4184 die
561 4128 660 4184 beiden
678 4128 770 4182 Subst.
799 4127 860 4181 sind
887 4128 972 4182 durch
999 4129 1057 4182 eina
1074 4130 1127 4182 Art
1144 4146 1197 4182 von
1214 4129 1263 4182 At·

102 4199 225 4253 traction
243 4199 296 4253 mit
314 4199 442 4254 einander
459 4197 623 4260 verbunden,
641 4197 690 4251 wie
708 4216 729 4251 c.
749 4201 853 4259 35,118
872 4197 938 4251 bane
955 4196 1067 4251 laudata
1085 4197 1173 4250 virtus
1191 4197 1263 4250 volu·

103 4266 190 4336 ptatis
209 4268 302 4322 aditus
321 4268 487 4323 intercludat
504 4284 611 4322 necessa
628 4271 677 4320 est.
739 4265 911 4324 desideria
929 4270 1069 4319 naturae
1089 4265 1203 4342 ὀρέξεις
1217 4283 1263 4387 pe·

103 4336 225 4404 geniiber
243 4337 296 4390 den
315 4337 478 4408 cupiditates
496 4337 687 4408 (ἐπιθυμίαι).
724 4335 781 4400 eia
804 4335 908 4405 sprioht
931 4353 992 4388 vom
1011 4333 1199 4404 Standpuncte
1236 4351 1263 4390 ar

149 4421 298 4474 Holstein,
314 4422 362 4465 (lic.
377 4422 404 4462 de
417 4422 455 4463 fin.
1034 4423 1049 4471 5
