2942 4950
217 321 280 386 212
457 314 509 368 on
526 309 677 366 rmreus
696 306 880 364 sonorum
897 303 1151 360 brumosum
1226 265 1229 270 ’

219 489 248 554 si
269 488 304 552 in
325 486 422 551 bonis
446 484 582 560 duxero,
606 480 843 562 fortioremque
865 477 900 541 in
922 474 1079 561 patiendo
1103 473 1227 551 dolore,
1251 470 1280 534 si
1301 491 1380 534 eum

220 612 374 675 asperum
389 595 424 652 et
440 581 611 650 diffieilem
626 602 796 667 perpessu,
820 579 848 643 si
867 585 983 643 eontra
997 583 1151 641 naturam
1173 595 1256 652 essa,
1281 593 1381 656 quam

220 694 249 758 si
271 692 397 758 malum
419 689 545 753 dixero.
569 683 632 769 (73)
655 683 776 747 Facete
799 682 847 746 M.
874 681 962 759 Piso,
991 678 1163 743 familiaris
1185 682 1314 752 noster,
1344 680 1382 738 et

222 796 288 861 alia
310 793 417 858 multa
441 797 475 856 et
497 791 562 853 hoo
585 786 683 851 modo
700 784 832 850 Stoicos
855 783 1025 848 irridebat.
1071 779 1161 846 Quid
1184 777 1291 842 enim?
1315 777 1382 840 aie·
1461 823 1462 826 η

221 900 291 976 bat,
314 896 441 959 bonum
463 913 566 976 negas
582 910 654 954 esse
671 887 814 965 divitias,
840 885 1066 970 praepositum
1081 905 1152 948 esse
1175 880 1279 946 diois:
1304 878 1384 963 quid

223 999 384 1066 adiuvas?
408 993 623 1060 avaritiamne
645 990 786 1056 minuis?
816 1011 879 1073 quo
903 987 1027 1054 modo?
1056 985 1092 1049 Si
1113 985 1251 1049 verbum
1276 981 1383 1066 sequi-

224 1123 307 1180 mur,
332 1098 476 1183 primum
497 1093 630 1180 longius
653 1093 792 1158 verbum
819 1089 1066 1176 ‚praepositum'
1085 1108 1195 1172 -quam
1222 1084 1382 1164 ,bonum'.

223 1243 265 1254 -
287 1201 383 1267 Nihil
405 1198 447 1263 ad
469 1197 559 1261 remi
585 1235 626 1248 -
650 1195 702 1260 Ne
731 1195 776 1258 sit
805 1214 898 1258 sane:
929 1199 965 1256 at
988 1197 1077 1256 terte
1105 1190 1250 1275 gravius.
1299 1187 1387 1252 Nam

224 1307 350 1372 bonum
377 1323 418 1366 ex
446 1322 510 1384 quo
539 1299 745 1384 appellatum
777 1298 836 1376 sit,
870 1297 993 1376 neseio,
1025 1294 1252 1382 praepositum
1283 1313 1386 1356 exeo

225 1408 343 1484 eredo,
373 1403 462 1489 quod
492 1408 714 1486 praeponatur
743 1400 828 1466 aliis.
873 1399 915 1463 Id
946 1399 1028 1463 mihi
1056 1419 1215 1482 magnum
1241 1394 1385 1459 videtur.
1464 1411 1465 1430 r

224 1511 345 1593 Itaque
380 1507 513 1570 dicebat
543 1505 619 1588 plus
650 1503 754 1568 tribui
786 1501 910 1566 divitiis
940 1525 959 1565 a
990 1503 1141 1579 Zenone,
1180 1499 1236 1584 qui
1268 1519 1324 1564 eas
1354 1497 1388 1561 in

225 1610 423 1698 praepositis
433 1617 583 1693 poneret,
600 1629 699 1689 quam
710 1607 750 1670 ab
762 1605 957 1683 Aristotele,
969 1604 1026 1688 qui
1035 1605 1160 1668 bonum
1170 1623 1242 1667 esse
1254 1601 1387 1664 divitias

226 1717 400 1790 fateretur,
427 1711 484 1775 sed
508 1730 614 1793 neque
630 1731 789 1792 magnum
803 1710 928 1773 bonum
944 1714 978 1771 et
1001 1728 1078 1793 prae
1101 1706 1202 1770 reatis
1225 1704 1389 1770 honestis-

229 1838 292 1903 que
315 1811 594 1880 oontemnendum
617 1831 654 1874 ao
679 1808 943 1893 despiciendum,
976 1831 1038 1873 neo
1066 1830 1187 1892 magno
1212 1829 1310 1892 opere
1335 1828 1389 1869 ex-

228 1919 429 2006 petendum,
470 1914 668 1997 omninoque
702 1913 742 1977 de
774 1913 847 1976 istis
880 1911 1035 1976 omnibus
1067 1912 1176 1976 verbis
1208 1933 1228 1974 a
1258 1911 1389 1974 Zenone

229 2019 367 2086 mutatis
390 2020 438 2083 ita
460 2017 654 2101 disputabat
678 2024 722 2094 et,
748 2036 831 2099 quae
854 2015 942 2079 bona
965 2020 1167 2099 negarentur
1190 2034 1262 2078 esse
1285 2012 1326 2077 ab
1346 2033 1390 2087 eo
1467 2005 1468 2010 ’

230 2132 265 2189 et
288 2143 371 2207 quae
402 2120 506 2199 mala,
537 2120 596 2184 illa
626 2118 821 2183 laetioribus
855 2117 1042 2182 nominibus
1073 2116 1235 2203 appellari
1265 2116 1306 2180 ab
1342 2137 1391 2194 ee,

232 2246 331 2310 quam
353 2246 372 2286 a
394 2222 505 2300 nobis,
532 2223 612 2285 haee
635 2220 850 2285 tristioribus.
896 2220 973 2283 Piso
997 2219 1101 2304 igitur
1123 2221 1186 2283 hoo
1209 2219 1318 2297 modo,
1344 2218 1395 2282 vir

232 2327 376 2412 optimus
399 2325 526 2408 tuique,
551 2330 589 2387 ut
612 2322 687 2402 sois,
713 2322 970 2388 amantissimus.
1017 2323 1088 2386 Nos
1111 2321 1225 2406 paucis
1248 2321 1290 2386 ad
1309 2322 1395 2385 haee
1469 2399 1470 2410 1

232 2429 355 2494 additis
378 2427 477 2491 finem
500 2425 658 2490 faciamus
682 2425 875 2509 aliquand03
901 2426 1041 2509 longum
1056 2430 1108 2488 est
1124 2423 1211 2488 enim
1227 2424 1268 2487 ad
1284 2423 1397 2487 omnia

233 2529 443 2616 respondere,
468 2549 551 2611 quae
574 2550 593 2591 a
615 2534 650 2590 te
674 2526 764 2591 diota
787 2533 876 2592 sunt.

319 2630 466 2695 XXVII.
513 2629 578 2713 (74)
606 2631 695 2692 Nam
723 2651 764 2692 ex
793 2629 918 2693 eisdem
945 2630 1121 2695 verborum
1143 2626 1337 2713 spraestigiis
1364 2635 1398 2690 et

234 2757 338 2818 regna
359 2737 439 2796 nata
454 2732 549 2796 vobis
571 2741 649 2795 sunt
666 2738 700 2795 et
715 2731 852 2816 imperia
867 2739 901 2795 et
917 2732 1053 2796 divitiae
1070 2738 1104 2796 et
1118 2738 1233 2797 tantae
1250 2730 1397 2814 quidem,

235 2843 273 2924 ut
296 2835 421 2913 omnia,
455 2855 538 2918 quae
561 2835 683 2919 ubique
706 2835 791 2913 sint,
824 2834 983 2919 sapientis
1007 2856 1079 2899 esse
1103 2834 1233 2899 ditatis.
1280 2833 1401 2897 Solum

236 2946 407 3025 praeterea
429 2937 627 3015 formosum,
660 2937 767 3000 solum
795 2936 954 3015 liberum,
987 2938 1097 3001 solum
1127 2937 1252 3001 civem:
1285 2937 1401 3000 stultos

238 3041 347 3106 omnia
371 3039 544 3118 contraria,
570 3062 651 3123 quos
668 3040 768 3104 etiam
783 3040 917 3104 insanos
933 3061 1005 3104 esse
1021 3039 1136 3105 vultis.
1175 3040 1267 3103 Haeo
1290 3039 1401 3124 παρά-

240 3245 372 3317 genfalls'‚
392 3249 441 3300 ‘wo
459 3245 545 3309 nieht,
564 3246 611 3308 so’,
630 3247 651 3300 e‘
675 3247 745 3298 .a'ut
762 3243 787 3298 si
804 3262 835 3298 aa
853 3262 922 3314 quae
940 3244 997 3300 dixi
1014 3263 1069 3299 non
1087 3244 1218 3309 ooneedit,
1236 3245 1341 3300 doceat.
1363 3266 1403 3302 or.

237 3335 265 3386 p.
282 3313 357 3369 Sulla
374 3317 399 3376 8,
418 3317 451 3366 25
477 3315 537 3369 Aut
553 3265 753 3384 igiunliooeat
770 3312 895 3368 Picentes
914 3313 984 3369 solos
1003 3331 1059 3368 non
1085 3331 1143 3368 esse
1168 3314 1322 3385 peregrinos
1351 3321 1405 3370 aut

238 3383 360 3454 gaudeat
377 3400 427 3435 suo
445 3383 537 3452 generi
554 3401 597 3436 me
616 3401 706 3437 meum
723 3398 779 3435 non
796 3385 959 3504 antessonsre
976 3382 994 3438 i.
1007 3386 1091 3437 aaut
1108 3383 1134 3437 si
1150 3383 1202 3437 hoo
1222 3401 1277 3438 non
1315 3386 1403 3448 otest,

238 3451 359 3523 gaudeat
377 3453 428 3504 eto.
448 3451 505 3506 und
523 3451 576 3505 mit
602 3450 828 3521 hinzngefugtem
879 3451 1094 3522 edingungssata
1121 3450 1155 3505 de
1172 3451 1256 3506 divin.
1322 3457 1346 3516 t,
1371 3459 1404 3508 19

239 3523 289 3574 aut
306 3519 366 3574 sin
400 3536 432 3572 as
449 3537 508 3574 esse
525 3519 673 3583 fortunam,
694 3549 724 3558 -
743 3523 822 3574 muta
839 3519 1024 3575 definitionem
1041 3519 1228 3574 divinationis.

309 3587 356 3642 78.
426 3628 433 3642 .
451 3588 545 3651 Piso,
565 3587 690 3651 derselbe,
708 3586 762 3642 den
779 3587 835 3642 oio.
853 3589 892 3643 im
910 3593 934 3642 5.
953 3589 1046 3644 Buohe
1064 3588 1108 3644 die
1124 3588 1243 3643 Ansioht
1260 3588 1310 3645 der
1326 3589 1405 3646 Peri-

259 3655 378 3711 atetiker
403 3656 471 3710 iiber
497 3656 546 3710 das
573 3655 688 3711 hoohste
705 3656 764 3712 eut
790 3657 861 3711 naeh
878 3657 1041 3712 Antioohus'
1059 3657 1228 3728 Auffassung
1254 3661 1406 3730 vortragen

240 3677 317 3779 ibsst.
409 3725 474 3778 hoe
491 3725 601 3788 modo,
620 3745 638 3779 v
657 3725 673 3780 l.
692 3725 812 3780 naohher
829 3725 894 3779 Piso
912 3726 999 3796 igitur
1017 3726 1068 3780 hoo
1087 3726 1175 3781 modo.
1263 3727 1319 3782 lon
1347 3747 1406 3784 um

241 3796 292 3849 est
311 3792 350 3847 ad
368 3793 482 3846 omnia
500 3811 623 3863 respon
653 3813 712 3849 ere.
748 3795 801 3849 Die
819 3793 920 3865 Ellipse
938 3813 991 3849 von
1016 3794 1176 3866 respondere
1203 3747 1405 3852 denatbeor.

241 3863 300 3922 18,
319 3865 352 3914 19
376 3861 489 3930 longum
507 3866 549 3915 est
567 3863 601 3917 ad
620 3864 720 3926 omnia,
739 3862 805 3918 oder
823 3882 876 3918 von
894 3862 982 3918 dioere
1000 3863 1079 3919 Tusa.
1097 3865 1143 3920 111
1162 3868 1202 3930 18,
1221 3869 1255 3918 40
1285 3884 1340 3920 non
1358 3884 1405 3920 ne·

242 3947 314 3984 cesse
332 3933 373 3984 est
391 3947 463 3984 nuno
481 3931 582 3985 omnia.
618 3932 680 4002 Vgt
699 3951 733 3987 zu
750 3932 765 3985 I
783 3937 808 3994 8,
821 3935 854 3985 28
872 3931 959 3987 habeo
977 3951 1046 4003 quae
1062 3933 1150 3988 velim.

311 4013 364 4069 Die
381 4014 524 4069 Paradoxa
541 4016 706 4071 derStoiker
724 4016 821 4080 haben,
839 4035 919 4072 wenn
937 4036 1001 4071 man
1020 4017 1058 4072 sie
1075 4035 1193 4087 genauer
1211 4019 1327 4083 ansieht,
1346 4024 1406 4074 ent·

243 4081 332 4139 weder
349 4082 439 4138 niobts
450 4083 649 4140 Wunderbares
667 4085 731 4139 oder
749 4085 897 4140 entbehren
915 4087 979 4141 alles
991 4086 1131 4142 Baweises.
1150 4087 1277 4157 (Caum.
1296 4093 1339 4150 28,
1350 4092 1382 4141 77
1387 4097 1406 4156 ,1

312 4149 359 4205 24.
395 4152 506 4208 solum
524 4155 629 4209 civem
647 4155 729 4208 numi.
748 4173 778 4208 sa
798 4154 900 4209 tentem
919 4173 983 4210 esse.
1071 4157 1213 4210 stultos:
1233 4155 1276 4211 die
1295 4156 1406 4213 Stoiker

244 4219 369 4302 sebieden
387 4239 476 4290 genau
494 4223 546 4277 den
564 4223 672 4278 Weisen
690 4241 753 4278 vom
771 4172 965 4278 iiiohtweisen.
1018 4225 1132 4279 omnia
1150 4227 1328 4280 contraria
1346 4244 1405 4280 ver-

243 4293 308 4344 trrtt
335 4289 377 4343 dre
407 4288 460 4345 den
486 4291 552 4346 eben
576 4292 757 4362 angefiihrten
783 4292 946 4347 Attributen
973 4297 1246 4364 entgegengesetzten
1271 4294 1404 4366 Begriffe:
