<?xml version="1.0" encoding="UTF-8"?>
<!DOCTYPE html PUBLIC "-//W3C//DTD XHTML 1.0 Transitional//EN"
    "http://www.w3.org/TR/xhtml1/DTD/xhtml1-transitional.dtd">
<html xmlns="http://www.w3.org/1999/xhtml" xml:lang="en" lang="en">
 <head>
  <title>
</title>
<meta http-equiv="Content-Type" content="text/html;charset=utf-8" />
  <meta name='ocr-system' content='tesseract 3.04.00' />
  <meta name='ocr-capabilities' content='ocr_page ocr_carea ocr_par ocr_line ocrx_word'/>
</head>
<body>
  <div class='ocr_page' id='page_1' title='image "./definibusbonoru00holsgoog_0148.png"; bbox 0 0 3020 4948; ppageno 0'>
   <div class='ocr_carea' id='block_1_1' title="bbox 253 309 1182 378">
    <p class='ocr_par' dir='ltr' id='par_1_1' title="bbox 253 309 1182 378">
     <span class='ocr_line' id='line_1_1' title="bbox 253 309 1182 378; baseline -0.008 0"><span class='ocrx_word' id='word_1_1' title='bbox 253 315 314 378; x_wconf 79' lang='grc'>124</span> <span class='ocrx_word' id='word_1_2' title='bbox 486 314 536 372; x_wconf 80' lang='lat' dir='ltr'>DE</span> <span class='ocrx_word' id='word_1_3' title='bbox 554 309 705 370; x_wconf 75' lang='lat' dir='ltr'>nmmos</span> <span class='ocrx_word' id='word_1_4' title='bbox 723 313 909 370; x_wconf 83' lang='lat' dir='ltr'><strong>BONORUM</strong></span> <span class='ocrx_word' id='word_1_5' title='bbox 927 315 975 370; x_wconf 75' lang='lat' dir='ltr'>ET</span> <span class='ocrx_word' id='word_1_6' title='bbox 992 314 1182 371; x_wconf 80' lang='lat' dir='ltr'><strong>MALORUM</strong></span> 
     </span>
    </p>
   </div>
   <div class='ocr_carea' id='block_1_2' title="bbox 251 483 1410 570">
    <p class='ocr_par' dir='ltr' id='par_1_2' title="bbox 251 483 1410 570">
     <span class='ocr_line' id='line_1_2' title="bbox 251 483 1410 570; baseline 0 -22"><span class='ocrx_word' id='word_1_7' title='bbox 251 505 412 562; x_wconf 78' lang='lat' dir='ltr'>sermone,</span> <span class='ocrx_word' id='word_1_8' title='bbox 438 483 493 568; x_wconf 91' lang='lat' dir='ltr'>qui</span> <span class='ocrx_word' id='word_1_9' title='bbox 509 506 585 548; x_wconf 87' lang='lat' dir='ltr'>cum</span> <span class='ocrx_word' id='word_1_10' title='bbox 600 485 767 570; x_wconf 76' lang='lat' dir='ltr'>Torquato</span> <span class='ocrx_word' id='word_1_11' title='bbox 791 492 843 550; x_wconf 84' lang='lat' dir='ltr'>est</span> <span class='ocrx_word' id='word_1_12' title='bbox 865 485 1011 563; x_wconf 89' lang='lat' dir='ltr'>habitus,</span> <span class='ocrx_word' id='word_1_13' title='bbox 1035 507 1103 549; x_wconf 92' lang='lat' dir='ltr'>non</span> <span class='ocrx_word' id='word_1_14' title='bbox 1125 485 1253 550; x_wconf 79' lang='lat' dir='ltr'>remissi</span> <span class='ocrx_word' id='word_1_15' title='bbox 1275 484 1410 565; x_wconf 86' lang='lat' dir='ltr'>fuimus,</span> 
     </span>
    </p>
   </div>
   <div class='ocr_carea' id='block_1_3' title="bbox 250 572 1497 673">
    <p class='ocr_par' dir='ltr' id='par_1_3' title="bbox 250 572 1497 673">
     <span class='ocr_line' id='line_1_3' title="bbox 250 572 1497 673; baseline -0.002 -21"><span class='ocrx_word' id='word_1_16' title='bbox 250 595 362 654; x_wconf 84' lang='lat' dir='ltr'>tamen</span> <span class='ocrx_word' id='word_1_17' title='bbox 385 589 468 652; x_wconf 89' lang='lat' dir='ltr'>haec</span> <span class='ocrx_word' id='word_1_18' title='bbox 490 587 595 654; x_wconf 84' lang='lat' dir='ltr'>acrior</span> <span class='ocrx_word' id='word_1_19' title='bbox 618 596 672 653; x_wconf 82' lang='lat' dir='ltr'>est</span> <span class='ocrx_word' id='word_1_20' title='bbox 694 609 769 652; x_wconf 87' lang='lat' dir='ltr'>cnm</span> <span class='ocrx_word' id='word_1_21' title='bbox 793 589 914 652; x_wconf 88' lang='lat' dir='ltr'>Stoicis</span> <span class='ocrx_word' id='word_1_22' title='bbox 942 592 1057 673; x_wconf 84' lang='lat' dir='ltr'>parata</span> <span class='ocrx_word' id='word_1_23' title='bbox 1089 588 1269 654; x_wconf 86' lang='lat' dir='ltr'>contentio.</span> <span class='ocrx_word' id='word_1_24' title='bbox 1317 589 1413 654; x_wconf 80' lang='lat' dir='ltr'>Quae</span> <span class='ocrx_word' id='word_1_25' title='bbox 1496 572 1497 650; x_wconf 71' lang='lat' dir='ltr'>i</span> 
     </span>
    </p>
   </div>
   <div class='ocr_carea' id='block_1_4' title="bbox 251 689 1412 773">
    <p class='ocr_par' dir='ltr' id='par_1_4' title="bbox 251 689 1412 773">
     <span class='ocr_line' id='line_1_4' title="bbox 251 689 1412 773; baseline 0 -19"><span class='ocrx_word' id='word_1_26' title='bbox 251 689 338 754; x_wconf 91' lang='lat' dir='ltr'>enim</span> <span class='ocrx_word' id='word_1_27' title='bbox 362 689 402 754; x_wconf 87' lang='lat' dir='ltr'>de</span> <span class='ocrx_word' id='word_1_28' title='bbox 425 690 599 773; x_wconf 81' lang='lat' dir='ltr'>voluptate</span> <span class='ocrx_word' id='word_1_29' title='bbox 622 689 794 770; x_wconf 88' lang='lat' dir='ltr'>dicuntur,</span> <span class='ocrx_word' id='word_1_30' title='bbox 829 711 867 755; x_wconf 88' lang='lat' dir='ltr'>ea</span> <span class='ocrx_word' id='word_1_31' title='bbox 890 711 951 755; x_wconf 90' lang='lat' dir='ltr'>nec</span> <span class='ocrx_word' id='word_1_32' title='bbox 974 689 1164 756; x_wconf 89' lang='lat' dir='ltr'>acutissime</span> <span class='ocrx_word' id='word_1_33' title='bbox 1186 711 1248 755; x_wconf 87' lang='lat' dir='ltr'>nec</span> <span class='ocrx_word' id='word_1_34' title='bbox 1272 692 1412 756; x_wconf 89' lang='lat' dir='ltr'>abscon-</span> 
     </span>
    </p>
   </div>
   <div class='ocr_carea' id='block_1_5' title="bbox 251 791 1497 978">
    <p class='ocr_par' dir='ltr' id='par_1_5' title="bbox 251 791 1497 978">
     <span class='ocr_line' id='line_1_5' title="bbox 251 791 1497 876; baseline 0.002 -22"><span class='ocrx_word' id='word_1_35' title='bbox 251 791 320 855; x_wconf 91' lang='lat' dir='ltr'>dite</span> <span class='ocrx_word' id='word_1_36' title='bbox 344 791 550 858; x_wconf 83' lang='lat' dir='ltr'>disseruntur</span> <span class='ocrx_word' id='word_1_37' title='bbox 557 815 567 868; x_wconf 83' lang='lat'><em>3</em></span> <span class='ocrx_word' id='word_1_38' title='bbox 599 813 706 876; x_wconf 90' lang='lat' dir='ltr'>neque</span> <span class='ocrx_word' id='word_1_39' title='bbox 730 791 818 856; x_wconf 88' lang='lat' dir='ltr'>enim</span> <span class='ocrx_word' id='word_1_40' title='bbox 841 792 897 876; x_wconf 90' lang='lat' dir='ltr'>qui</span> <span class='ocrx_word' id='word_1_41' title='bbox 921 791 1107 858; x_wconf 79' lang='lat' dir='ltr'>defendunt</span> <span class='ocrx_word' id='word_1_42' title='bbox 1134 814 1207 857; x_wconf 91' lang='lat' dir='ltr'>eam</span> <span class='ocrx_word' id='word_1_43' title='bbox 1231 793 1354 857; x_wconf 89' lang='lat' dir='ltr'>versuti</span> <span class='ocrx_word' id='word_1_44' title='bbox 1373 793 1414 856; x_wconf 92' lang='lat' dir='ltr'>in</span> <span class='ocrx_word' id='word_1_45' title='bbox 1496 843 1497 856; x_wconf 50' lang='lat'>,</span> 
     </span>
     <span class='ocr_line' id='line_1_6' title="bbox 252 894 1497 978; baseline 0 -20"><span class='ocrx_word' id='word_1_46' title='bbox 252 894 441 958; x_wconf 90' lang='lat' dir='ltr'>disserendo</span> <span class='ocrx_word' id='word_1_47' title='bbox 465 901 544 960; x_wconf 88' lang='lat' dir='ltr'>sunt</span> <span class='ocrx_word' id='word_1_48' title='bbox 566 915 628 958; x_wconf 87' lang='lat' dir='ltr'>nec</span> <span class='ocrx_word' id='word_1_49' title='bbox 651 895 707 978; x_wconf 91' lang='lat' dir='ltr'>qui</span> <span class='ocrx_word' id='word_1_50' title='bbox 731 897 846 959; x_wconf 88' lang='lat' dir='ltr'>contra</span> <span class='ocrx_word' id='word_1_51' title='bbox 868 895 986 960; x_wconf 88' lang='lat' dir='ltr'>dicunt</span> <span class='ocrx_word' id='word_1_52' title='bbox 1008 915 1141 960; x_wconf 89' lang='lat' dir='ltr'>causam</span> <span class='ocrx_word' id='word_1_53' title='bbox 1164 895 1333 960; x_wconf 86' lang='lat' dir='ltr'>difficilem</span> <span class='ocrx_word' id='word_1_54' title='bbox 1359 917 1413 959; x_wconf 90' lang='lat' dir='ltr'>re·</span> <span class='ocrx_word' id='word_1_55' title='bbox 1496 917 1497 922; x_wconf 49' lang='lat'>¹</span> 
     </span>
    </p>
   </div>
   <div class='ocr_carea' id='block_1_6' title="bbox 251 995 1414 1391">
    <p class='ocr_par' dir='ltr' id='par_1_6' title="bbox 251 995 1414 1391">
     <span class='ocr_line' id='line_1_7' title="bbox 251 995 1413 1084; baseline -0.002 -22"><span class='ocrx_word' id='word_1_56' title='bbox 251 998 392 1082; x_wconf 90' lang='lat' dir='ltr'>pellunt.</span> <span class='ocrx_word' id='word_1_57' title='bbox 440 995 483 1082; x_wconf 81' lang='lat'>(3)</span> <span class='ocrx_word' id='word_1_58' title='bbox 505 999 583 1084; x_wconf 80' lang='lat' dir='ltr'>Ipse</span> <span class='ocrx_word' id='word_1_59' title='bbox 608 997 707 1062; x_wconf 88' lang='lat' dir='ltr'>etiam</span> <span class='ocrx_word' id='word_1_60' title='bbox 739 997 821 1062; x_wconf 88' lang='lat' dir='ltr'>dicit</span> <span class='ocrx_word' id='word_1_61' title='bbox 843 998 1006 1082; x_wconf 80' lang='lat' dir='ltr'><strong>Epicurus</strong></span> <span class='ocrx_word' id='word_1_62' title='bbox 1039 1019 1080 1062; x_wconf 90' lang='lat' dir='ltr'>ne</span> <span class='ocrx_word' id='word_1_63' title='bbox 1111 997 1413 1082; x_wconf 84' lang='lat' dir='ltr'>argumentandum</span> 
     </span>
     <span class='ocr_line' id='line_1_8' title="bbox 251 1099 1413 1184; baseline -0.002 -20"><span class='ocrx_word' id='word_1_64' title='bbox 251 1099 384 1183; x_wconf 85' lang='lat' dir='ltr'>quidem</span> <span class='ocrx_word' id='word_1_65' title='bbox 407 1122 480 1166; x_wconf 85' lang='lat' dir='ltr'>esse</span> <span class='ocrx_word' id='word_1_66' title='bbox 503 1101 544 1164; x_wconf 90' lang='lat' dir='ltr'>de</span> <span class='ocrx_word' id='word_1_67' title='bbox 566 1100 760 1184; x_wconf 83' lang='lat' dir='ltr'>voluptate,</span> <span class='ocrx_word' id='word_1_68' title='bbox 795 1100 882 1184; x_wconf 87' lang='lat' dir='ltr'>quod</span> <span class='ocrx_word' id='word_1_69' title='bbox 915 1100 960 1164; x_wconf 87' lang='lat' dir='ltr'>sit</span> <span class='ocrx_word' id='word_1_70' title='bbox 982 1099 1129 1184; x_wconf 84' lang='lat' dir='ltr'>positum</span> <span class='ocrx_word' id='word_1_71' title='bbox 1151 1099 1310 1166; x_wconf 86' lang='lat' dir='ltr'>iudicium</span> <span class='ocrx_word' id='word_1_72' title='bbox 1342 1099 1413 1164; x_wconf 88' lang='lat' dir='ltr'>eius</span> 
     </span>
     <span class='ocr_line' id='line_1_9' title="bbox 251 1201 1412 1283; baseline 0 -17"><span class='ocrx_word' id='word_1_73' title='bbox 251 1201 284 1266; x_wconf 92' lang='lat' dir='ltr'>in</span> <span class='ocrx_word' id='word_1_74' title='bbox 308 1203 478 1283; x_wconf 81' lang='lat' dir='ltr'>sensibus,</span> <span class='ocrx_word' id='word_1_75' title='bbox 508 1210 547 1267; x_wconf 92' lang='lat' dir='ltr'>ut</span> <span class='ocrx_word' id='word_1_76' title='bbox 570 1204 771 1268; x_wconf 79' lang='lat' dir='ltr'>commoneri</span> <span class='ocrx_word' id='word_1_77' title='bbox 792 1226 853 1268; x_wconf 87' lang='lat' dir='ltr'>nos</span> <span class='ocrx_word' id='word_1_78' title='bbox 877 1204 960 1268; x_wconf 89' lang='lat' dir='ltr'>satis</span> <span class='ocrx_word' id='word_1_79' title='bbox 983 1204 1046 1282; x_wconf 90' lang='lat' dir='ltr'>sit,</span> <span class='ocrx_word' id='word_1_80' title='bbox 1079 1202 1163 1268; x_wconf 81' lang='lat' dir='ltr'>nihil</span> <span class='ocrx_word' id='word_1_81' title='bbox 1187 1204 1331 1268; x_wconf 74' lang='lat' dir='ltr'>attineat</span> <span class='ocrx_word' id='word_1_82' title='bbox 1353 1204 1412 1267; x_wconf 89' lang='lat' dir='ltr'>do·</span> 
     </span>
     <span class='ocr_line' id='line_1_10' title="bbox 252 1304 1414 1391; baseline 0 -23"><span class='ocrx_word' id='word_1_83' title='bbox 252 1306 328 1368; x_wconf 86' lang='lat' dir='ltr'>ceri.</span> <span class='ocrx_word' id='word_1_84' title='bbox 358 1304 468 1372; x_wconf 79' lang='lat' dir='ltr'>Quare</span> <span class='ocrx_word' id='word_1_85' title='bbox 490 1306 550 1370; x_wconf 88' lang='lat' dir='ltr'>illa</span> <span class='ocrx_word' id='word_1_86' title='bbox 571 1306 668 1372; x_wconf 88' lang='lat' dir='ltr'>nobis</span> <span class='ocrx_word' id='word_1_87' title='bbox 691 1306 832 1391; x_wconf 80' lang='lat' dir='ltr'><strong>simplex</strong></span> <span class='ocrx_word' id='word_1_88' title='bbox 854 1305 919 1369; x_wconf 87' lang='lat' dir='ltr'>fuit</span> <span class='ocrx_word' id='word_1_89' title='bbox 940 1306 975 1371; x_wconf 90' lang='lat' dir='ltr'>in</span> <span class='ocrx_word' id='word_1_90' title='bbox 999 1313 1173 1390; x_wconf 84' lang='lat' dir='ltr'>utramque</span> <span class='ocrx_word' id='word_1_91' title='bbox 1195 1309 1323 1390; x_wconf 86' lang='lat' dir='ltr'>partem</span> <span class='ocrx_word' id='word_1_92' title='bbox 1347 1304 1414 1369; x_wconf 89' lang='lat' dir='ltr'>dis-</span> 
     </span>
    </p>
   </div>
   <div class='ocr_carea' id='block_1_7' title="bbox 252 1407 1414 1492">
    <p class='ocr_par' dir='ltr' id='par_1_7' title="bbox 252 1407 1498 1506">
     <span class='ocr_line' id='line_1_11' title="bbox 252 1407 1414 1492; baseline 0.003 -24"><span class='ocrx_word' id='word_1_93' title='bbox 252 1407 393 1489; x_wconf 88' lang='lat' dir='ltr'>putatio.</span> <span class='ocrx_word' id='word_1_94' title='bbox 438 1407 512 1472; x_wconf 88' lang='lat' dir='ltr'>Nec</span> <span class='ocrx_word' id='word_1_95' title='bbox 535 1407 623 1472; x_wconf 91' lang='lat' dir='ltr'>enim</span> <span class='ocrx_word' id='word_1_96' title='bbox 646 1409 681 1472; x_wconf 89' lang='lat' dir='ltr'>in</span> <span class='ocrx_word' id='word_1_97' title='bbox 703 1408 863 1492; x_wconf 78' lang='lat' dir='ltr'>Torquati</span> <span class='ocrx_word' id='word_1_98' title='bbox 891 1429 1042 1473; x_wconf 86' lang='lat' dir='ltr'>sermone</span> <span class='ocrx_word' id='word_1_99' title='bbox 1066 1409 1241 1491; x_wconf 87' lang='lat' dir='ltr'>quicquam</span> <span class='ocrx_word' id='word_1_100' title='bbox 1263 1407 1414 1492; x_wconf 90' lang='lat' dir='ltr'>implica·</span> 
     </span>
    </p>
   </div>
   <div class='ocr_carea' id='block_1_8' title="bbox 251 1509 1416 1698">
    <p class='ocr_par' dir='ltr' id='par_1_8' title="bbox 251 1509 1416 1698">
     <span class='ocr_line' id='line_1_12' title="bbox 251 1509 1416 1596; baseline 0.003 -25"><span class='ocrx_word' id='word_1_101' title='bbox 251 1516 323 1571; x_wconf 89' lang='lat' dir='ltr'>tum</span> <span class='ocrx_word' id='word_1_102' title='bbox 346 1517 406 1574; x_wconf 86' lang='lat' dir='ltr'>aut</span> <span class='ocrx_word' id='word_1_103' title='bbox 426 1516 615 1576; x_wconf 90' lang='lat' dir='ltr'>tortuosum</span> <span class='ocrx_word' id='word_1_104' title='bbox 638 1509 704 1575; x_wconf 83' lang='lat' dir='ltr'>fuit</span> <span class='ocrx_word' id='word_1_105' title='bbox 725 1519 918 1596; x_wconf 88' lang='lat' dir='ltr'>nostraque,</span> <span class='ocrx_word' id='word_1_106' title='bbox 941 1518 981 1574; x_wconf 88' lang='lat' dir='ltr'>ut</span> <span class='ocrx_word' id='word_1_107' title='bbox 1004 1511 1085 1575; x_wconf 91' lang='lat' dir='ltr'>mihi</span> <span class='ocrx_word' id='word_1_108' title='bbox 1100 1510 1242 1588; x_wconf 74' lang='lat' dir='ltr'>⁷uidetur,</span> <span class='ocrx_word' id='word_1_109' title='bbox 1267 1509 1416 1574; x_wconf 85' lang='lat' dir='ltr'>dilucida</span> 
     </span>
     <span class='ocr_line' id='line_1_13' title="bbox 252 1610 1415 1698; baseline 0.001 -24"><span class='ocrx_word' id='word_1_110' title='bbox 252 1610 369 1675; x_wconf 85' lang='lat' dir='ltr'>oratio.</span> <span class='ocrx_word' id='word_1_111' title='bbox 416 1613 605 1676; x_wconf 83' lang='lat' dir='ltr'>Stoicorum</span> <span class='ocrx_word' id='word_1_112' title='bbox 628 1620 740 1678; x_wconf 87' lang='lat' dir='ltr'>autem</span> <span class='ocrx_word' id='word_1_113' title='bbox 762 1635 830 1677; x_wconf 90' lang='lat' dir='ltr'>non</span> <span class='ocrx_word' id='word_1_114' title='bbox 852 1613 987 1698; x_wconf 91' lang='lat' dir='ltr'>ignoras</span> <span class='ocrx_word' id='word_1_115' title='bbox 1011 1636 1111 1698; x_wconf 91' lang='lat' dir='ltr'>quam</span> <span class='ocrx_word' id='word_1_116' title='bbox 1135 1614 1180 1679; x_wconf 84' lang='lat' dir='ltr'>sit</span> <span class='ocrx_word' id='word_1_117' title='bbox 1203 1613 1327 1680; x_wconf 78' lang='lat' dir='ltr'>subtile</span> <span class='ocrx_word' id='word_1_118' title='bbox 1357 1614 1415 1676; x_wconf 85' lang='lat' dir='ltr'>vel</span> 
     </span>
    </p>
   </div>
   <div class='ocr_carea' id='block_1_9' title="bbox 251 1713 1481 1801">
    <p class='ocr_par' dir='ltr' id='par_1_9' title="bbox 251 1713 1481 1801">
     <span class='ocr_line' id='line_1_14' title="bbox 251 1713 1481 1801; baseline 0.002 -25"><span class='ocrx_word' id='word_1_119' title='bbox 251 1713 421 1798; x_wconf 79' lang='lat' dir='ltr'>spinosum</span> <span class='ocrx_word' id='word_1_120' title='bbox 444 1715 555 1800; x_wconf 88' lang='lat' dir='ltr'>potius</span> <span class='ocrx_word' id='word_1_121' title='bbox 579 1715 762 1781; x_wconf 87' lang='lat' dir='ltr'>disserendi</span> <span class='ocrx_word' id='word_1_122' title='bbox 784 1737 909 1800; x_wconf 89' lang='lat' dir='ltr'>genus,</span> <span class='ocrx_word' id='word_1_123' title='bbox 941 1715 1041 1801; x_wconf 90' lang='lat' dir='ltr'>idque</span> <span class='ocrx_word' id='word_1_124' title='bbox 1074 1736 1149 1780; x_wconf 88' lang='lat' dir='ltr'>oum</span> <span class='ocrx_word' id='word_1_125' title='bbox 1173 1715 1308 1780; x_wconf 82' lang='lat' dir='ltr'>Graecis</span> <span class='ocrx_word' id='word_1_126' title='bbox 1338 1721 1416 1778; x_wconf 87' lang='lat' dir='ltr'>tum</span> <span class='ocrx_word' id='word_1_127' title='bbox 1474 1755 1481 1759; x_wconf 89' lang='lat'><em>—</em></span> 
     </span>
    </p>
   </div>
   <div class='ocr_carea' id='block_1_10' title="bbox 252 1817 1419 2108">
    <p class='ocr_par' dir='ltr' id='par_1_10' title="bbox 252 1817 1419 2108">
     <span class='ocr_line' id='line_1_15' title="bbox 252 1817 1417 1904; baseline 0.002 -25"><span class='ocrx_word' id='word_1_128' title='bbox 252 1817 358 1902; x_wconf 87' lang='lat' dir='ltr'>magis</span> <span class='ocrx_word' id='word_1_129' title='bbox 380 1818 488 1898; x_wconf 89' lang='lat' dir='ltr'>nobis,</span> <span class='ocrx_word' id='word_1_130' title='bbox 514 1818 633 1903; x_wconf 91' lang='lat' dir='ltr'>quibus</span> <span class='ocrx_word' id='word_1_131' title='bbox 657 1818 757 1882; x_wconf 85' lang='lat' dir='ltr'>etiam</span> <span class='ocrx_word' id='word_1_132' title='bbox 780 1819 881 1883; x_wconf 89' lang='lat' dir='ltr'>verba</span> <span class='ocrx_word' id='word_1_133' title='bbox 904 1819 1061 1904; x_wconf 87' lang='lat' dir='ltr'>parienda</span> <span class='ocrx_word' id='word_1_134' title='bbox 1089 1825 1168 1882; x_wconf 89' lang='lat' dir='ltr'>sunt</span> <span class='ocrx_word' id='word_1_135' title='bbox 1198 1818 1417 1902; x_wconf 89' lang='lat' dir='ltr'>imponenda·</span> 
     </span>
     <span class='ocr_line' id='line_1_16' title="bbox 253 1921 1417 2006; baseline -0.001 -21"><span class='ocrx_word' id='word_1_136' title='bbox 253 1942 316 2006; x_wconf 89' lang='lat' dir='ltr'>que</span> <span class='ocrx_word' id='word_1_137' title='bbox 339 1944 427 1986; x_wconf 86' lang='lat' dir='ltr'>nova</span> <span class='ocrx_word' id='word_1_138' title='bbox 448 1922 547 1986; x_wconf 91' lang='lat' dir='ltr'>rebus</span> <span class='ocrx_word' id='word_1_139' title='bbox 570 1921 665 1987; x_wconf 88' lang='lat' dir='ltr'>novis</span> <span class='ocrx_word' id='word_1_140' title='bbox 687 1921 834 1986; x_wconf 83' lang='lat' dir='ltr'>nomina.</span> <span class='ocrx_word' id='word_1_141' title='bbox 882 1921 981 1985; x_wconf 78' lang='lat' dir='ltr'>Quod</span> <span class='ocrx_word' id='word_1_142' title='bbox 1005 1921 1137 2004; x_wconf 91' lang='lat' dir='ltr'>quidem</span> <span class='ocrx_word' id='word_1_143' title='bbox 1164 1943 1262 1985; x_wconf 88' lang='lat' dir='ltr'>nemo</span> <span class='ocrx_word' id='word_1_144' title='bbox 1290 1921 1417 1985; x_wconf 89' lang='lat' dir='ltr'>medio-</span> 
     </span>
     <span class='ocr_line' id='line_1_17' title="bbox 253 2023 1419 2108; baseline -0.001 -20"><span class='ocrx_word' id='word_1_145' title='bbox 253 2023 352 2090; x_wconf 83' lang='lat' dir='ltr'>criter</span> <span class='ocrx_word' id='word_1_146' title='bbox 375 2025 493 2091; x_wconf 88' lang='lat' dir='ltr'>doctus</span> <span class='ocrx_word' id='word_1_147' title='bbox 516 2025 690 2090; x_wconf 83' lang='lat' dir='ltr'>mirabitur</span> <span class='ocrx_word' id='word_1_148' title='bbox 713 2025 865 2108; x_wconf 86' lang='lat' dir='ltr'>cogitans</span> <span class='ocrx_word' id='word_1_149' title='bbox 898 2025 933 2088; x_wconf 90' lang='lat' dir='ltr'>in</span> <span class='ocrx_word' id='word_1_150' title='bbox 963 2023 1053 2087; x_wconf 92' lang='lat' dir='ltr'>omni</span> <span class='ocrx_word' id='word_1_151' title='bbox 1084 2031 1175 2102; x_wconf 86' lang='lat' dir='ltr'>arte,</span> <span class='ocrx_word' id='word_1_152' title='bbox 1211 2024 1303 2088; x_wconf 89' lang='lat' dir='ltr'>cuius</span> <span class='ocrx_word' id='word_1_153' title='bbox 1334 2047 1419 2088; x_wconf 82' lang='lat' dir='ltr'>usus</span> 
     </span>
    </p>
   </div>
   <div class='ocr_carea' id='block_1_11' title="bbox 253 2125 1499 2314">
    <p class='ocr_par' dir='ltr' id='par_1_11' title="bbox 253 2125 1499 2314">
     <span class='ocr_line' id='line_1_18' title="bbox 253 2125 1499 2213; baseline -0.002 -21"><span class='ocrx_word' id='word_1_154' title='bbox 253 2129 399 2213; x_wconf 85' lang='lat' dir='ltr'>vulgaris</span> <span class='ocrx_word' id='word_1_155' title='bbox 423 2129 671 2213; x_wconf 84' lang='lat' dir='ltr'>communisque</span> <span class='ocrx_word' id='word_1_156' title='bbox 695 2150 761 2192; x_wconf 93' lang='lat' dir='ltr'>non</span> <span class='ocrx_word' id='word_1_157' title='bbox 785 2128 849 2206; x_wconf 88' lang='lat' dir='ltr'>sit,</span> <span class='ocrx_word' id='word_1_158' title='bbox 873 2127 1014 2192; x_wconf 84' lang='lat' dir='ltr'>multam</span> <span class='ocrx_word' id='word_1_159' title='bbox 1038 2125 1223 2192; x_wconf 83' lang='lat' dir='ltr'>novitatem</span> <span class='ocrx_word' id='word_1_160' title='bbox 1245 2126 1418 2191; x_wconf 89' lang='lat' dir='ltr'>nominum</span> <span class='ocrx_word' id='word_1_161' title='bbox 1498 2133 1499 2212; x_wconf 58' lang='lat' dir='ltr'>p</span> 
     </span>
     <span class='ocr_line' id='line_1_19' title="bbox 253 2223 1499 2314; baseline -0.002 -18"><span class='ocrx_word' id='word_1_162' title='bbox 253 2253 336 2310; x_wconf 89' lang='lat' dir='ltr'>esse,</span> <span class='ocrx_word' id='word_1_163' title='bbox 361 2253 437 2295; x_wconf 90' lang='lat' dir='ltr'>cum</span> <span class='ocrx_word' id='word_1_164' title='bbox 461 2231 709 2296; x_wconf 87' lang='lat' dir='ltr'>constituantur</span> <span class='ocrx_word' id='word_1_165' title='bbox 731 2251 843 2296; x_wconf 88' lang='lat' dir='ltr'>earum</span> <span class='ocrx_word' id='word_1_166' title='bbox 865 2250 975 2295; x_wconf 86' lang='lat' dir='ltr'>rerum</span> <span class='ocrx_word' id='word_1_167' title='bbox 990 2230 1164 2309; x_wconf 85' lang='lat' dir='ltr'>vocabula,</span> <span class='ocrx_word' id='word_1_168' title='bbox 1189 2230 1322 2314; x_wconf 85' lang='lat' dir='ltr'>quaein</span> <span class='ocrx_word' id='word_1_169' title='bbox 1339 2253 1420 2313; x_wconf 87' lang='lat' dir='ltr'>qua·</span> <span class='ocrx_word' id='word_1_170' title='bbox 1498 2223 1499 2300; x_wconf 68' lang='lat' dir='ltr'>J</span> 
     </span>
    </p>
   </div>
   <div class='ocr_carea' id='block_1_12' title="bbox 253 2332 1423 2831">
    <p class='ocr_par' dir='ltr' id='par_1_12' title="bbox 253 2332 1423 2831">
     <span class='ocr_line' id='line_1_20' title="bbox 254 2332 1420 2420; baseline -0.001 -20"><span class='ocrx_word' id='word_1_171' title='bbox 254 2358 317 2420; x_wconf 89' lang='lat' dir='ltr'>que</span> <span class='ocrx_word' id='word_1_172' title='bbox 340 2343 411 2400; x_wconf 88' lang='lat' dir='ltr'>arte</span> <span class='ocrx_word' id='word_1_173' title='bbox 433 2343 618 2402; x_wconf 84' lang='lat' dir='ltr'>versentur.</span> <span class='ocrx_word' id='word_1_174' title='bbox 665 2333 710 2417; x_wconf 87' lang='grc'>(4)</span> <span class='ocrx_word' id='word_1_175' title='bbox 742 2333 860 2417; x_wconf 88' lang='lat' dir='ltr'>Itaque</span> <span class='ocrx_word' id='word_1_176' title='bbox 885 2339 920 2397; x_wconf 92' lang='lat' dir='ltr'>et</span> <span class='ocrx_word' id='word_1_177' title='bbox 943 2332 1112 2398; x_wconf 88' lang='lat' dir='ltr'>dialectici</span> <span class='ocrx_word' id='word_1_178' title='bbox 1135 2341 1170 2398; x_wconf 88' lang='lat' dir='ltr'>et</span> <span class='ocrx_word' id='word_1_179' title='bbox 1192 2333 1322 2418; x_wconf 80' lang='lat' dir='ltr'>physici</span> <span class='ocrx_word' id='word_1_180' title='bbox 1344 2357 1420 2399; x_wconf 86' lang='lat' dir='ltr'>ver·</span> 
     </span>
     <span class='ocr_line' id='line_1_21' title="bbox 253 2436 1420 2522; baseline -0.003 -19"><span class='ocrx_word' id='word_1_181' title='bbox 253 2439 305 2503; x_wconf 92' lang='lat' dir='ltr'>bis</span> <span class='ocrx_word' id='word_1_182' title='bbox 328 2445 472 2503; x_wconf 83' lang='lat' dir='ltr'>utuntur¹</span> <span class='ocrx_word' id='word_1_183' title='bbox 491 2438 542 2518; x_wconf 91' lang='lat' dir='ltr'>iis,</span> <span class='ocrx_word' id='word_1_184' title='bbox 567 2459 650 2522; x_wconf 90' lang='lat' dir='ltr'>quae</span> <span class='ocrx_word' id='word_1_185' title='bbox 673 2437 738 2521; x_wconf 91' lang='lat' dir='ltr'>ipsi</span> <span class='ocrx_word' id='word_1_186' title='bbox 753 2436 912 2501; x_wconf 78' lang='lat' dir='ltr'>Graeciae</span> <span class='ocrx_word' id='word_1_187' title='bbox 934 2441 1014 2500; x_wconf 87' lang='lat' dir='ltr'>nota</span> <span class='ocrx_word' id='word_1_188' title='bbox 1030 2459 1097 2500; x_wconf 89' lang='lat' dir='ltr'>non</span> <span class='ocrx_word' id='word_1_189' title='bbox 1117 2437 1200 2514; x_wconf 89' lang='lat' dir='ltr'>sint;</span> <span class='ocrx_word' id='word_1_190' title='bbox 1225 2443 1420 2522; x_wconf 78' lang='lat' dir='ltr'>geometrae</span> 
     </span>
     <span class='ocr_line' id='line_1_22' title="bbox 253 2539 1423 2625; baseline -0.001 -19"><span class='ocrx_word' id='word_1_191' title='bbox 253 2563 330 2606; x_wconf 90' lang='lat' dir='ltr'>vero</span> <span class='ocrx_word' id='word_1_192' title='bbox 355 2547 389 2604; x_wconf 89' lang='lat' dir='ltr'>et</span> <span class='ocrx_word' id='word_1_193' title='bbox 411 2541 548 2619; x_wconf 85' lang='lat' dir='ltr'>musici,</span> <span class='ocrx_word' id='word_1_194' title='bbox 581 2539 791 2624; x_wconf 85' lang='lat' dir='ltr'>grammatici</span> <span class='ocrx_word' id='word_1_195' title='bbox 815 2539 915 2604; x_wconf 89' lang='lat' dir='ltr'>etiam</span> <span class='ocrx_word' id='word_1_196' title='bbox 938 2562 1028 2604; x_wconf 90' lang='lat' dir='ltr'>more</span> <span class='ocrx_word' id='word_1_197' title='bbox 1061 2541 1204 2625; x_wconf 90' lang='lat' dir='ltr'>quodam</span> <span class='ocrx_word' id='word_1_198' title='bbox 1235 2539 1423 2625; x_wconf 88' lang='lat' dir='ltr'>loquuntur</span> 
     </span>
     <span class='ocr_line' id='line_1_23' title="bbox 254 2644 1420 2730; baseline 0.001 -23"><span class='ocrx_word' id='word_1_199' title='bbox 254 2667 326 2708; x_wconf 89' lang='lat' dir='ltr'>suo.</span> <span class='ocrx_word' id='word_1_200' title='bbox 372 2644 470 2730; x_wconf 86' lang='lat' dir='ltr'>Ipsae</span> <span class='ocrx_word' id='word_1_201' title='bbox 492 2647 663 2709; x_wconf 87' lang='lat' dir='ltr'>rhetorum</span> <span class='ocrx_word' id='word_1_202' title='bbox 687 2651 791 2721; x_wconf 73' lang='lat' dir='ltr'>arten,</span> <span class='ocrx_word' id='word_1_203' title='bbox 817 2665 899 2726; x_wconf 89' lang='lat' dir='ltr'>quae</span> <span class='ocrx_word' id='word_1_204' title='bbox 924 2649 1004 2708; x_wconf 91' lang='lat' dir='ltr'>sunt</span> <span class='ocrx_word' id='word_1_205' title='bbox 1026 2649 1119 2707; x_wconf 87' lang='lat' dir='ltr'>totae</span> <span class='ocrx_word' id='word_1_206' title='bbox 1142 2645 1291 2710; x_wconf 83' lang='lat' dir='ltr'>forenses</span> <span class='ocrx_word' id='word_1_207' title='bbox 1314 2651 1420 2728; x_wconf 89' lang='lat' dir='ltr'>atque</span> 
     </span>
     <span class='ocr_line' id='line_1_24' title="bbox 254 2745 1420 2831; baseline 0 -19"><span class='ocrx_word' id='word_1_208' title='bbox 254 2747 449 2830; x_wconf 77' lang='lat' dir='ltr'>populares,</span> <span class='ocrx_word' id='word_1_209' title='bbox 482 2747 592 2811; x_wconf 90' lang='lat' dir='ltr'>verbis</span> <span class='ocrx_word' id='word_1_210' title='bbox 614 2753 728 2809; x_wconf 90' lang='lat' dir='ltr'>tamen</span> <span class='ocrx_word' id='word_1_211' title='bbox 750 2745 785 2808; x_wconf 90' lang='lat' dir='ltr'>in</span> <span class='ocrx_word' id='word_1_212' title='bbox 809 2745 958 2810; x_wconf 90' lang='lat' dir='ltr'>docendo</span> <span class='ocrx_word' id='word_1_213' title='bbox 982 2746 1077 2829; x_wconf 89' lang='lat' dir='ltr'>quasi</span> <span class='ocrx_word' id='word_1_214' title='bbox 1105 2747 1244 2831; x_wconf 86' lang='lat' dir='ltr'>privatis</span> <span class='ocrx_word' id='word_1_215' title='bbox 1276 2751 1420 2812; x_wconf 89' lang='lat' dir='ltr'>utuntur</span> 
     </span>
    </p>
   </div>
   <div class='ocr_carea' id='block_1_13' title="bbox 254 2848 1500 3037">
    <p class='ocr_par' dir='ltr' id='par_1_13' title="bbox 254 2848 1500 3037">
     <span class='ocr_line' id='line_1_25' title="bbox 255 2848 1500 2944; baseline -0.002 -29"><span class='ocrx_word' id='word_1_216' title='bbox 255 2871 293 2914; x_wconf 89' lang='lat' dir='ltr'>ac</span> <span class='ocrx_word' id='word_1_217' title='bbox 317 2849 396 2913; x_wconf 89' lang='lat' dir='ltr'>suis.</span> <span class='ocrx_word' id='word_1_218' title='bbox 456 2848 506 2912; x_wconf 90' lang='lat' dir='ltr'>II.</span> <span class='ocrx_word' id='word_1_219' title='bbox 545 2852 658 2932; x_wconf 81' lang='lat' dir='ltr'>Atque</span> <span class='ocrx_word' id='word_1_220' title='bbox 681 2855 720 2912; x_wconf 87' lang='lat' dir='ltr'>ut</span> <span class='ocrx_word' id='word_1_221' title='bbox 743 2848 895 2912; x_wconf 86' lang='lat' dir='ltr'>omittam</span> <span class='ocrx_word' id='word_1_222' title='bbox 918 2848 979 2930; x_wconf 82' lang='lat' dir='ltr'>has</span> <span class='ocrx_word' id='word_1_223' title='bbox 1002 2855 1091 2912; x_wconf 88' lang='lat' dir='ltr'>artes</span> <span class='ocrx_word' id='word_1_224' title='bbox 1115 2849 1287 2933; x_wconf 82' lang='lat' dir='ltr'>elegantes</span> <span class='ocrx_word' id='word_1_225' title='bbox 1311 2850 1420 2914; x_wconf 87' lang='lat' dir='ltr'>etin·</span> <span class='ocrx_word' id='word_1_226' title='bbox 1499 2907 1500 2944; x_wconf 67' lang='lat'>,</span> 
     </span>
     <span class='ocr_line' id='line_1_26' title="bbox 254 2950 1500 3037; baseline 0.002 -21"><span class='ocrx_word' id='word_1_227' title='bbox 254 2974 381 3036; x_wconf 84' lang='lat' dir='ltr'>genuae</span> <span class='ocrx_word' id='word_1_228' title='bbox 389 3001 400 3031; x_wconf 94' lang='lat'>,</span> <span class='ocrx_word' id='word_1_229' title='bbox 425 2974 466 3015; x_wconf 93' lang='lat' dir='ltr'>ne</span> <span class='ocrx_word' id='word_1_230' title='bbox 490 2950 624 3036; x_wconf 88' lang='lat' dir='ltr'>opifices</span> <span class='ocrx_word' id='word_1_231' title='bbox 648 2950 781 3035; x_wconf 89' lang='lat' dir='ltr'>quidem</span> <span class='ocrx_word' id='word_1_232' title='bbox 803 2950 893 3015; x_wconf 85' lang='lat' dir='ltr'>tueri</span> <span class='ocrx_word' id='word_1_233' title='bbox 916 2974 975 3014; x_wconf 88' lang='lat' dir='ltr'>sua</span> <span class='ocrx_word' id='word_1_234' title='bbox 997 2951 1139 3016; x_wconf 86' lang='lat' dir='ltr'>artificia</span> <span class='ocrx_word' id='word_1_235' title='bbox 1161 2961 1318 3037; x_wconf 89' lang='lat' dir='ltr'>possent,</span> <span class='ocrx_word' id='word_1_236' title='bbox 1352 2953 1420 3018; x_wconf 91' lang='lat' dir='ltr'>nisi</span> <span class='ocrx_word' id='word_1_237' title='bbox 1499 2953 1500 2972; x_wconf 57' lang='lat'><strong>³</strong></span> 
     </span>
    </p>
   </div>
   <div class='ocr_carea' id='block_1_14' title="bbox 255 3053 1421 3244">
    <p class='ocr_par' dir='ltr' id='par_1_14' title="bbox 255 3053 1421 3244">
     <span class='ocr_line' id='line_1_27' title="bbox 255 3053 1421 3139; baseline 0.002 -20"><span class='ocrx_word' id='word_1_238' title='bbox 255 3055 428 3120; x_wconf 84' lang='lat' dir='ltr'>vocabulis</span> <span class='ocrx_word' id='word_1_239' title='bbox 461 3061 634 3119; x_wconf 89' lang='lat' dir='ltr'>uterentur</span> <span class='ocrx_word' id='word_1_240' title='bbox 664 3055 761 3119; x_wconf 89' lang='lat' dir='ltr'>nobis</span> <span class='ocrx_word' id='word_1_241' title='bbox 792 3053 994 3139; x_wconf 84' lang='lat' dir='ltr'>incognitis,</span> <span class='ocrx_word' id='word_1_242' title='bbox 1036 3055 1169 3122; x_wconf 86' lang='lat' dir='ltr'>usitatis</span> <span class='ocrx_word' id='word_1_243' title='bbox 1207 3056 1282 3121; x_wconf 88' lang='lat' dir='ltr'>sibi.</span> <span class='ocrx_word' id='word_1_244' title='bbox 1328 3057 1421 3122; x_wconf 77' lang='lat' dir='ltr'>Quin</span> 
     </span>
     <span class='ocr_line' id='line_1_28' title="bbox 255 3157 1418 3244; baseline -0.001 -21"><span class='ocrx_word' id='word_1_245' title='bbox 255 3158 355 3223; x_wconf 89' lang='lat' dir='ltr'>etiam</span> <span class='ocrx_word' id='word_1_246' title='bbox 378 3157 594 3240; x_wconf 86' lang='lat' dir='ltr'>agricultura,</span> <span class='ocrx_word' id='word_1_247' title='bbox 620 3178 703 3241; x_wconf 91' lang='lat' dir='ltr'>quae</span> <span class='ocrx_word' id='word_1_248' title='bbox 726 3157 885 3221; x_wconf 82' lang='lat' dir='ltr'>abhorret</span> <span class='ocrx_word' id='word_1_249' title='bbox 902 3157 942 3222; x_wconf 87' lang='lat' dir='ltr'>ab</span> <span class='ocrx_word' id='word_1_250' title='bbox 961 3157 1050 3222; x_wconf 89' lang='lat' dir='ltr'>omni</span> <span class='ocrx_word' id='word_1_251' title='bbox 1065 3159 1221 3241; x_wconf 88' lang='lat' dir='ltr'>politiore</span> <span class='ocrx_word' id='word_1_252' title='bbox 1237 3157 1418 3244; x_wconf 86' lang='lat' dir='ltr'>elegantia,</span> 
     </span>
    </p>
   </div>
   <div class='ocr_carea' id='block_1_15' title="bbox 255 3395 1418 3536">
    <p class='ocr_par' dir='ltr' id='par_1_15' title="bbox 255 3395 1418 3536">
     <span class='ocr_line' id='line_1_29' title="bbox 255 3395 1418 3536; baseline 0.001 -68"><span class='ocrx_word' id='word_1_253' title='bbox 255 3414 354 3468; x_wconf 88' lang='lat' dir='ltr'>radczu</span> <span class='ocrx_word' id='word_1_254' title='bbox 371 3414 539 3536; x_wconf 58' lang='lat' dir='ltr'>unmiiqlich.</span> <span class='ocrx_word' id='word_1_255' title='bbox 609 3395 814 3468; x_wconf 85' lang='lat' dir='ltr'>ahscondite</span> <span class='ocrx_word' id='word_1_256' title='bbox 832 3414 910 3469; x_wconf 78' lang='lat' dir='ltr'>nicht</span> <span class='ocrx_word' id='word_1_257' title='bbox 928 3414 1089 3479; x_wconf 62' lang='lat' dir='ltr'>‘versucia</span> <span class='ocrx_word' id='word_1_258' title='bbox 1108 3413 1227 3469; x_wconf 87' lang='lat' dir='ltr'>sondern</span> <span class='ocrx_word' id='word_1_259' title='bbox 1246 3414 1418 3484; x_wconf 82' lang='lat' dir='ltr'>‘tiefsinnig&#39;.</span> 
     </span>
    </p>
   </div>
   <div class='ocr_carea' id='block_1_16' title="bbox 255 3481 1419 4311">
    <p class='ocr_par' dir='ltr' id='par_1_16' title="bbox 255 3481 1419 3813">
     <span class='ocr_line' id='line_1_30' title="bbox 255 3481 1418 3554; baseline 0.002 -17"><span class='ocrx_word' id='word_1_260' title='bbox 255 3483 391 3537; x_wconf 84' lang='lat' dir='ltr'>versuti</span> <span class='ocrx_word' id='word_1_261' title='bbox 408 3483 445 3537; x_wconf 92' lang='lat' dir='ltr'>in</span> <span class='ocrx_word' id='word_1_262' title='bbox 487 3482 662 3538; x_wconf 85' lang='lat' dir='ltr'>isserendo</span> <span class='ocrx_word' id='word_1_263' title='bbox 681 3482 719 3536; x_wconf 87' lang='lat' dir='ltr'>‘in</span> <span class='ocrx_word' id='word_1_264' title='bbox 737 3481 930 3537; x_wconf 84' lang='lat' dir='ltr'>derDialectih</span> <span class='ocrx_word' id='word_1_265' title='bbox 947 3482 1092 3552; x_wconf 78' lang='lat' dir='ltr'>gewandt&#39;,</span> <span class='ocrx_word' id='word_1_266' title='bbox 1112 3483 1418 3554; x_wconf 80' lang='lat' dir='ltr'>alsoingutemSinne,</span> 
     </span>
     <span class='ocr_line' id='line_1_31' title="bbox 255 3551 1419 3622; baseline 0.002 -16"><span class='ocrx_word' id='word_1_267' title='bbox 255 3552 304 3606; x_wconf 86' lang='lat' dir='ltr'>wie</span> <span class='ocrx_word' id='word_1_268' title='bbox 321 3554 400 3607; x_wconf 88' lang='lat' dir='ltr'>Brut.</span> <span class='ocrx_word' id='word_1_269' title='bbox 419 3555 461 3614; x_wconf 76' lang='lat'>67,</span> <span class='ocrx_word' id='word_1_270' title='bbox 480 3555 530 3606; x_wconf 85' lang='grc'>236</span> <span class='ocrx_word' id='word_1_271' title='bbox 547 3569 601 3606; x_wconf 85' lang='lat' dir='ltr'>von</span> <span class='ocrx_word' id='word_1_272' title='bbox 618 3551 658 3606; x_wconf 87' lang='grc' dir='ltr'>Μ.</span> <span class='ocrx_word' id='word_1_273' title='bbox 676 3551 741 3605; x_wconf 90' lang='lat' dir='ltr'>Piso</span> <span class='ocrx_word' id='word_1_274' title='bbox 758 3555 857 3622; x_wconf 81' lang='lat' dir='ltr'>gesagt</span> <span class='ocrx_word' id='word_1_275' title='bbox 874 3551 955 3606; x_wconf 82' lang='lat' dir='ltr'>wird:</span> <span class='ocrx_word' id='word_1_276' title='bbox 985 3551 1059 3622; x_wconf 88' lang='lat' dir='ltr'>quod</span> <span class='ocrx_word' id='word_1_277' title='bbox 1077 3554 1174 3622; x_wconf 84' lang='lat' dir='ltr'>(genus</span> <span class='ocrx_word' id='word_1_278' title='bbox 1193 3553 1339 3619; x_wconf 87' lang='lat' dir='ltr'>acuminis)</span> <span class='ocrx_word' id='word_1_279' title='bbox 1357 3559 1419 3608; x_wconf 85' lang='lat' dir='ltr'>erat</span> 
     </span>
     <span class='ocr_line' id='line_1_32' title="bbox 255 3619 1418 3692; baseline 0.001 -17"><span class='ocrx_word' id='word_1_280' title='bbox 255 3622 285 3675; x_wconf 90' lang='lat' dir='ltr'>in</span> <span class='ocrx_word' id='word_1_281' title='bbox 301 3619 529 3692; x_wconf 84' lang='lat' dir='ltr'>reprehendendis</span> <span class='ocrx_word' id='word_1_282' title='bbox 555 3619 645 3676; x_wconf 83' lang='lat' dir='ltr'>verbis</span> <span class='ocrx_word' id='word_1_283' title='bbox 671 3621 812 3675; x_wconf 87' lang='lat' dir='ltr'>versutum</span> <span class='ocrx_word' id='word_1_284' title='bbox 836 3624 864 3674; x_wconf 90' lang='lat' dir='ltr'>et</span> <span class='ocrx_word' id='word_1_285' title='bbox 889 3619 991 3676; x_wconf 88' lang='lat' dir='ltr'>sollers.</span> <span class='ocrx_word' id='word_1_286' title='bbox 1025 3621 1132 3676; x_wconf 86' lang='lat' dir='ltr'>Andcrs</span> <span class='ocrx_word' id='word_1_287' title='bbox 1150 3621 1247 3675; x_wconf 87' lang='lat' dir='ltr'>defin.</span> <span class='ocrx_word' id='word_1_288' title='bbox 1265 3622 1296 3677; x_wconf 94' lang='lat' dir='ltr'>II</span> <span class='ocrx_word' id='word_1_289' title='bbox 1315 3626 1355 3686; x_wconf 85' lang='grc'>16,</span> <span class='ocrx_word' id='word_1_290' title='bbox 1374 3626 1418 3676; x_wconf 81' lang='grc'>53.</span> 
     </span>
     <span class='ocr_line' id='line_1_33' title="bbox 256 3688 1419 3772; baseline 0.002 -29"><span class='ocrx_word' id='word_1_291' title='bbox 256 3707 319 3772; x_wconf 76' lang='lat' dir='ltr'>neq</span> <span class='ocrx_word' id='word_1_292' title='bbox 354 3690 389 3742; x_wconf 89' lang='lat' dir='ltr'>ui</span> <span class='ocrx_word' id='word_1_293' title='bbox 406 3695 526 3770; x_wconf 79' lang='lat' dir='ltr'>cqntra</span> <span class='ocrx_word' id='word_1_294' title='bbox 545 3688 665 3744; x_wconf 87' lang='lat' dir='ltr'>dicunt</span> <span class='ocrx_word' id='word_1_295' title='bbox 682 3691 733 3744; x_wconf 87' lang='lat' dir='ltr'>etc.</span> <span class='ocrx_word' id='word_1_296' title='bbox 757 3689 810 3744; x_wconf 89' lang='lat' dir='ltr'>Die</span> <span class='ocrx_word' id='word_1_297' title='bbox 828 3688 935 3758; x_wconf 81' lang='lat' dir='ltr'>Gegner</span> <span class='ocrx_word' id='word_1_298' title='bbox 952 3689 1042 3744; x_wconf 88' lang='lat' dir='ltr'>haben</span> <span class='ocrx_word' id='word_1_299' title='bbox 1060 3689 1138 3744; x_wconf 86' lang='lat' dir='ltr'>keine</span> <span class='ocrx_word' id='word_1_300' title='bbox 1156 3690 1313 3761; x_wconf 80' lang='lat' dir='ltr'>schwierige</span> <span class='ocrx_word' id='word_1_301' title='bbox 1331 3691 1419 3746; x_wconf 83' lang='lat' dir='ltr'>Sache</span> 
     </span>
     <span class='ocr_line' id='line_1_34' title="bbox 255 3775 500 3813; baseline -0.008 -1"><span class='ocrx_word' id='word_1_302' title='bbox 255 3776 338 3812; x_wconf 85' lang='lat' dir='ltr'>zuruc</span> <span class='ocrx_word' id='word_1_303' title='bbox 373 3775 500 3813; x_wconf 78' lang='lat' dir='ltr'>unomen.</span> 
     </span>
    </p>

    <p class='ocr_par' dir='ltr' id='par_1_17' title="bbox 255 3825 1419 4104">
     <span class='ocr_line' id='line_1_35' title="bbox 325 3825 1418 3900; baseline 0.003 -20"><span class='ocrx_word' id='word_1_304' title='bbox 325 3825 356 3880; x_wconf 76' lang='grc'>3.</span> <span class='ocrx_word' id='word_1_305' title='bbox 380 3843 441 3880; x_wconf 89' lang='lat' dir='ltr'>neo</span> <span class='ocrx_word' id='word_1_306' title='bbox 459 3855 491 3866; x_wconf 90' lang='lat'><em>-</em></span> <span class='ocrx_word' id='word_1_307' title='bbox 511 3826 580 3880; x_wconf 85' lang='lat' dir='ltr'>fuit</span> <span class='ocrx_word' id='word_1_308' title='bbox 597 3829 785 3896; x_wconf 86' lang='lat' dir='ltr'>nostraque</span> <span class='ocrx_word' id='word_1_309' title='bbox 803 3855 836 3864; x_wconf 92' lang='lat'>—</span> <span class='ocrx_word' id='word_1_310' title='bbox 855 3825 977 3880; x_wconf 83' lang='lat' dir='ltr'>oratio.</span> <span class='ocrx_word' id='word_1_311' title='bbox 995 3825 1085 3881; x_wconf 86' lang='lat' dir='ltr'>Ueber</span> <span class='ocrx_word' id='word_1_312' title='bbox 1102 3826 1146 3880; x_wconf 87' lang='lat' dir='ltr'>die</span> <span class='ocrx_word' id='word_1_313' title='bbox 1164 3826 1345 3900; x_wconf 83' lang='lat' dir='ltr'>Verbindung</span> <span class='ocrx_word' id='word_1_314' title='bbox 1362 3845 1418 3883; x_wconf 85' lang='lat' dir='ltr'>von</span> 
     </span>
     <span class='ocr_line' id='line_1_36' title="bbox 256 3893 1418 3966; baseline 0.003 -18"><span class='ocrx_word' id='word_1_315' title='bbox 256 3913 304 3948; x_wconf 88' lang='lat' dir='ltr'>neo</span> <span class='ocrx_word' id='word_1_316' title='bbox 324 3923 353 3934; x_wconf 84' lang='lat'>-</span> <span class='ocrx_word' id='word_1_317' title='bbox 374 3912 425 3964; x_wconf 88' lang='lat' dir='ltr'>que</span> <span class='ocrx_word' id='word_1_318' title='bbox 443 3913 464 3948; x_wconf 90' lang='lat' dir='ltr'>s.</span> <span class='ocrx_word' id='word_1_319' title='bbox 483 3913 517 3948; x_wconf 82' lang='lat' dir='ltr'>zu</span> <span class='ocrx_word' id='word_1_320' title='bbox 534 3895 549 3948; x_wconf 89' lang='lat'>1</span> <span class='ocrx_word' id='word_1_321' title='bbox 568 3899 608 3959; x_wconf 84' lang='lat'>14,</span> <span class='ocrx_word' id='word_1_322' title='bbox 628 3898 669 3948; x_wconf 83' lang='lat'>48.</span> <span class='ocrx_word' id='word_1_323' title='bbox 738 3893 966 3951; x_wconf 89' lang='lat' dir='ltr'>mediocriter</span> <span class='ocrx_word' id='word_1_324' title='bbox 984 3893 1106 3950; x_wconf 88' lang='lat' dir='ltr'>doctus</span> <span class='ocrx_word' id='word_1_325' title='bbox 1126 3901 1185 3950; x_wconf 88' lang='lat' dir='ltr'>‘nur</span> <span class='ocrx_word' id='word_1_326' title='bbox 1204 3895 1418 3966; x_wconf 81' lang='lat' dir='ltr'>einigermassen</span> 
     </span>
     <span class='ocr_line' id='line_1_37' title="bbox 255 3962 1419 4034; baseline 0.004 -18"><span class='ocrx_word' id='word_1_327' title='bbox 255 3962 376 4034; x_wconf 84' lang='lat' dir='ltr'>gelehrt&#39;.</span> <span class='ocrx_word' id='word_1_328' title='bbox 422 3962 615 4017; x_wconf 74' lang='lat' dir='ltr'>novitatem</span> <span class='ocrx_word' id='word_1_329' title='bbox 634 3963 806 4019; x_wconf 89' lang='lat' dir='ltr'>nominum</span> <span class='ocrx_word' id='word_1_330' title='bbox 825 3963 893 4019; x_wconf 88' lang='lat' dir='ltr'>‘eine</span> <span class='ocrx_word' id='word_1_331' title='bbox 911 3981 978 4019; x_wconf 89' lang='lat' dir='ltr'>neue</span> <span class='ocrx_word' id='word_1_332' title='bbox 995 3963 1088 4020; x_wconf 81' lang='lat' dir='ltr'>Weiss</span> <span class='ocrx_word' id='word_1_333' title='bbox 1105 3965 1152 4020; x_wconf 89' lang='lat' dir='ltr'>des</span> <span class='ocrx_word' id='word_1_334' title='bbox 1169 3964 1339 4030; x_wconf 83' lang='lat' dir='ltr'>Ausdrucks,</span> <span class='ocrx_word' id='word_1_335' title='bbox 1358 3966 1419 4022; x_wconf 86' lang='lat' dir='ltr'>eins</span> 
     </span>
     <span class='ocr_line' id='line_1_38' title="bbox 256 4030 813 4104; baseline -0.002 -17"><span class='ocrx_word' id='word_1_336' title='bbox 256 4050 323 4087; x_wconf 86' lang='lat' dir='ltr'>neue</span> <span class='ocrx_word' id='word_1_337' title='bbox 341 4030 559 4102; x_wconf 81' lang='lat' dir='ltr'>Terminologic&#39;,</span> <span class='ocrx_word' id='word_1_338' title='bbox 577 4030 709 4104; x_wconf 70' lang='lat' dir='ltr'>Nigelsb.</span> <span class='ocrx_word' id='word_1_339' title='bbox 727 4037 770 4096; x_wconf 80' lang='grc'>46,</span> <span class='ocrx_word' id='word_1_340' title='bbox 790 4037 813 4086; x_wconf 93' lang='lat' dir='ltr'>l.</span> 
     </span>
    </p>

    <p class='ocr_par' dir='ltr' id='par_1_18' title="bbox 256 4099 1419 4311">
     <span class='ocr_line' id='line_1_39' title="bbox 325 4099 1419 4172; baseline 0.005 -18"><span class='ocrx_word' id='word_1_341' title='bbox 325 4099 356 4154; x_wconf 82' lang='lat'>4.</span> <span class='ocrx_word' id='word_1_342' title='bbox 375 4103 457 4155; x_wconf 83' lang='lat' dir='ltr'>nota</span> <span class='ocrx_word' id='word_1_343' title='bbox 475 4119 541 4155; x_wconf 90' lang='lat' dir='ltr'>nou</span> <span class='ocrx_word' id='word_1_344' title='bbox 560 4099 640 4155; x_wconf 86' lang='lat' dir='ltr'>sint.</span> <span class='ocrx_word' id='word_1_345' title='bbox 658 4101 782 4156; x_wconf 88' lang='lat' dir='ltr'>Walkers</span> <span class='ocrx_word' id='word_1_346' title='bbox 800 4100 947 4172; x_wconf 75' lang='lat' dir='ltr'>conjector</span> <span class='ocrx_word' id='word_1_347' title='bbox 964 4119 1035 4156; x_wconf 86' lang='lat' dir='ltr'>nova</span> <span class='ocrx_word' id='word_1_348' title='bbox 1054 4101 1111 4156; x_wconf 85' lang='lat' dir='ltr'>sint</span> <span class='ocrx_word' id='word_1_349' title='bbox 1127 4102 1196 4157; x_wconf 80' lang='lat' dir='ltr'>wird</span> <span class='ocrx_word' id='word_1_350' title='bbox 1215 4101 1337 4160; x_wconf 81' lang='lat' dir='ltr'>dadurch</span> <span class='ocrx_word' id='word_1_351' title='bbox 1355 4104 1419 4159; x_wconf 81' lang='lat' dir='ltr'>sehr</span> 
     </span>
     <span class='ocr_line' id='line_1_40' title="bbox 256 4169 1417 4252; baseline 0.003 -28"><span class='ocrx_word' id='word_1_352' title='bbox 256 4169 487 4234; x_wconf 84' lang='lat' dir='ltr'>wahrsoheinlich,</span> <span class='ocrx_word' id='word_1_353' title='bbox 506 4169 569 4224; x_wconf 86' lang='lat' dir='ltr'>dass</span> <span class='ocrx_word' id='word_1_354' title='bbox 587 4170 615 4226; x_wconf 89' lang='lat' dir='ltr'>in</span> <span class='ocrx_word' id='word_1_355' title='bbox 634 4171 742 4252; x_wconf 77' lang='lat' dir='ltr'>einigen</span> <span class='ocrx_word' id='word_1_356' title='bbox 760 4169 845 4225; x_wconf 80' lang='lat' dir='ltr'>codd.</span> <span class='ocrx_word' id='word_1_357' title='bbox 864 4189 919 4225; x_wconf 90' lang='lat' dir='ltr'>non</span> <span class='ocrx_word' id='word_1_358' title='bbox 937 4170 1014 4225; x_wconf 77' lang='lat' dir='ltr'>fehlt.</span> <span class='ocrx_word' id='word_1_359' title='bbox 1087 4170 1189 4226; x_wconf 91' lang='lat' dir='ltr'>nobis</span> <span class='ocrx_word' id='word_1_360' title='bbox 1206 4172 1417 4243; x_wconf 83' lang='lat' dir='ltr'>incognitis,</span> 
     </span>
     <span class='ocr_line' id='line_1_41' title="bbox 256 4238 1416 4311; baseline 0 -17"><span class='ocrx_word' id='word_1_361' title='bbox 256 4239 399 4294; x_wconf 86' lang='lat' dir='ltr'>usitatis</span> <span class='ocrx_word' id='word_1_362' title='bbox 427 4238 507 4293; x_wconf 79' lang='lat' dir='ltr'>sibi:</span> <span class='ocrx_word' id='word_1_363' title='bbox 545 4239 588 4294; x_wconf 89' lang='lat' dir='ltr'>ein</span> <span class='ocrx_word' id='word_1_364' title='bbox 615 4238 733 4310; x_wconf 90' lang='lat' dir='ltr'>Beisp1el</span> <span class='ocrx_word' id='word_1_365' title='bbox 759 4239 805 4293; x_wconf 79' lang='lat' dir='ltr'>fiir</span> <span class='ocrx_word' id='word_1_366' title='bbox 834 4239 884 4294; x_wconf 86' lang='lat' dir='ltr'>das</span> <span class='ocrx_word' id='word_1_367' title='bbox 910 4238 1071 4311; x_wconf 81' lang='lat' dir='ltr'>Asyndeton</span> <span class='ocrx_word' id='word_1_368' title='bbox 1097 4239 1154 4294; x_wconf 88' lang='lat' dir='ltr'>und</span> <span class='ocrx_word' id='word_1_369' title='bbox 1180 4239 1234 4294; x_wconf 91' lang='lat' dir='ltr'>den</span> <span class='ocrx_word' id='word_1_370' title='bbox 1259 4241 1416 4298; x_wconf 77' lang='lat' dir='ltr'>Ohiasmus.</span> 
     </span>
    </p>
   </div>
   <div class='ocr_carea' id='block_1_17' title="bbox 257 4307 1417 4380">
    <p class='ocr_par' dir='ltr' id='par_1_19' title="bbox 257 4307 1417 4380">
     <span class='ocr_line' id='line_1_42' title="bbox 257 4307 1417 4380; baseline 0.003 -18"><span class='ocrx_word' id='word_1_371' title='bbox 257 4308 476 4378; x_wconf 84' lang='lat' dir='ltr'>agricultura</span> <span class='ocrx_word' id='word_1_372' title='bbox 494 4339 528 4348; x_wconf 96' lang='lat'><em>-</em></span> <span class='ocrx_word' id='word_1_373' title='bbox 545 4308 701 4363; x_wconf 82' lang='lat' dir='ltr'>notavit:</span> <span class='ocrx_word' id='word_1_374' title='bbox 732 4307 776 4360; x_wconf 90' lang='lat' dir='ltr'>die</span> <span class='ocrx_word' id='word_1_375' title='bbox 792 4307 888 4364; x_wconf 86' lang='lat' dir='ltr'>Kunst</span> <span class='ocrx_word' id='word_1_376' title='bbox 906 4307 953 4363; x_wconf 90' lang='lat' dir='ltr'>des</span> <span class='ocrx_word' id='word_1_377' title='bbox 970 4308 1127 4363; x_wconf 82' lang='lat' dir='ltr'>Acherbaus</span> <span class='ocrx_word' id='word_1_378' title='bbox 1145 4309 1280 4365; x_wconf 87' lang='lat' dir='ltr'>erscheiut</span> <span class='ocrx_word' id='word_1_379' title='bbox 1297 4311 1417 4380; x_wconf 86' lang='lat' dir='ltr'>personi-</span> 
     </span>
    </p>
   </div>
   <div class='ocr_carea' id='block_1_18' title="bbox 0 0 1518 4948">
    <p class='ocr_par' dir='ltr' id='par_1_20' title="bbox 0 0 1518 4948">
     <span class='ocr_line' id='line_1_43' title="bbox 0 0 1518 4948; baseline 0 0"><span class='ocrx_word' id='word_1_380' title='bbox 0 0 1518 4948; x_wconf 95' lang='lat' dir='ltr'> </span> 
     </span>
    </p>
   </div>
  </div>
 </body>
</html>
