3020 4948
405 327 467 382 Lm.
486 329 523 384 Π.
560 329 626 384 Car.
644 328 829 384 XIII-XIV.
864 332 892 396 §5
912 334 1024 384 41-43.
1239 334 1279 396 75

109 498 209 577 facit,
227 499 282 562 vel
298 499 501 564 vacuitatem
516 499 652 573 doloris,
672 523 765 584 quae,
784 501 884 565 etiam
900 502 928 564 si
944 504 1031 566 malo
1049 509 1150 580 caret,
1168 507 1279 566 tamen

109 624 182 666 non
215 608 268 665 est
298 625 463 666 summum
494 604 634 682 bonum,
668 604 855 668 accessione
883 609 1023 670 utuntur
1045 627 1111 668 non
1134 605 1182 669 ita
1204 627 1278 691 pro·

110 705 232 784 babili,
258 728 319 771 nec
340 714 464 786 tamen,
490 730 548 772 cur
569 707 604 772 id
619 712 688 771 tam
704 731 801 791 parce
824 715 958 793 tamque
974 709 1125 774 restricte
1141 709 1276 788 faciant,

110 810 290 894 intellego.
324 810 426 875 Quasi
449 809 535 874 enim
558 811 734 874 emendum
758 812 804 875 eis
828 812 883 890 sit,
908 813 995 896 quod
1014 811 1139 877 addant
1158 813 1199 876 ad
1215 813 1278 876 vir-

113 919 240 991 tutem,
275 913 416 998 primum
438 913 614 977 vilissimas
637 935 689 978 res
713 915 856 993 addunt,
890 915 965 978 dein
993 915 1141 998 singulas
1169 915 1279 998 potius

119 1037 213 1097 quam
239 1015 363 1094 omnia,
392 1037 473 1099 quae
497 1015 602 1100 prima
624 1023 743 1081 natura
766 1017 1030 1100 approbavisset,
1061 1037 1098 1080 ea
1122 1037 1195 1080 cum
1219 1019 1278 1082 hc·

119 1121 249 1180 aestate
273 1116 523 1200 coniungerent.
570 1114 637 1201 (43)
662 1116 755 1182 Quae
780 1118 867 1200 quod
892 1118 1040 1182 Aristoni
1063 1125 1097 1182 et
1115 1117 1280 1202 Pyrrhoni

115 1217 250 1282 omnino
274 1217 344 1282 visa
367 1227 446 1282 sunt
468 1241 526 1302 pro
550 1217 670 1297 nihilo,
695 1226 733 1282 ut
755 1218 842 1284 inter
866 1219 990 1304 optime
1014 1221 1123 1284 valere
1147 1228 1181 1282 et
1204 1241 1279 1302 gra·

114 1319 252 1384 vissime
275 1328 446 1404 aegrotare
469 1319 553 1384 nihil
576 1342 708 1404 prorsus
732 1321 882 1385 dicerent
904 1321 1077 1399 interesse,
1103 1325 1192 1385 recte
1214 1321 1280 1384 iam

115 1422 245 1505 pridem
269 1429 384 1486 contra
407 1443 462 1486 eos
486 1422 631 1486 desitum
655 1429 708 1487 est
729 1422 901 1507 disputari.
948 1424 1037 1486 Dum
1060 1423 1197 1487 enimin
1215 1445 1280 1486 una

117 1525 242 1589 virtute
271 1524 318 1588 sic
343 1525 452 1588 omnia
479 1545 550 1588 esse
573 1525 764 1603 voluerunt,
798 1533 836 1588 ut
864 1547 936 1588 eam
963 1548 1071 1588 rerum
1100 1525 1280 1588 selectione

123 1628 342 1712 exspoliarent
370 1649 429 1692 nec
458 1628 488 1692 ei
516 1627 692 1711 quicquam
720 1637 779 1693 aut
807 1628 894 1693 unde
919 1629 1059 1693 oriretur
1082 1627 1199 1692 darent
1223 1636 1281 1691 aut

125 1730 180 1793 ubi
199 1731 374 1809 niteretur,
404 1730 561 1794 virtutem
583 1730 704 1814 ipsam,
730 1755 828 1815 quam
852 1731 1140 1814 amplexabantur,
1170 1738 1280 1794 sustu·

128 1833 239 1896 lerunt.
286 1832 411 1897 Erillus
443 1840 555 1896 autem
582 1834 623 1896 ad
647 1833 821 1898 scientiam
854 1833 962 1900 omnia
993 1855 1151 1898 revocans
1178 1856 1281 1897 unum

123 1937 284 2019 quoddam
308 1937 431 2001 bonum
454 1935 553 2014 vidit,
585 1937 644 2000 sed
672 1959 731 2000 nec
761 1936 922 2020 optimum
951 1957 1010 2000 nec
1040 1959 1103 2020 quo
1127 1936 1197 1999 vita
1220 1958 1280 2020 gu·

119 2039 246 2103 bernari
261 2039 380 2122 possit.
413 2040 531 2122 Itaque
547 2039 601 2103 hic
624 2040 695 2123 ipse
718 2039 783 2103 iam
806 2039 934 2123 pridem
955 2045 1006 2102 est
1021 2039 1179 2114 reiectus3
1204 2046 1281 2122 post

120 2143 203 2206 enim
227 2142 450 2226 Chrysippum
474 2165 541 2206 non
564 2164 640 2206 sane
665 2149 716 2205 est
740 2143 959 2227 disputatum.
1008 2141 1102 2204 XIV.
1131 2141 1280 2204 Restatis

116 2245 219 2330 igitur
248 2268 322 2309 vos:
353 2269 429 2310 nam
462 2268 536 2311 cum
567 2245 776 2310 Academicis
804 2245 931 2310 incerta
958 2243 1099 2308 luctatio
1129 2251 1195 2321 est,
1225 2243 1281 2326 qui

113 2486 223 2540 liariter
240 2483 347 2538 vixeris.
401 2503 436 2540 ea
454 2515 485 2524 -
506 2485 773 2555 coniungerent:
792 2483 883 2538 indam
902 2483 957 2537 Cic.
976 2501 1011 2536 an
1030 2481 1073 2535 die
1089 2481 1169 2535 S'atze
1187 2479 1280 2542 denlrt,

115 2554 161 2608 die
179 2553 267 2608 echon
285 2553 378 2608 friiher
396 2573 449 2609 von
466 2554 525 2608 ihm
543 2553 699 2623 anigestellt
718 2552 787 2616 sind,
807 2557 878 2608 setzt
896 2571 924 2606 er
941 2551 994 2606 den
1006 2551 1084 2619 Oonj.
1096 2550 1206 2630 Imperi.
1225 2548 1281 2604 und

114 2622 338 2693 Plusquamperl.
357 2623 592 2694 (approbavisset).
629 2623 686 2676 Das
705 2641 736 2676 ea
753 2621 820 2676 habt
838 2621 890 2676 den
903 2620 1009 2690 Begriff
1018 2638 1077 2700 ‘von
1095 2637 1194 2682 omma,
1214 2636 1283 2741 puae

114 2722 147 2802 ἶ
168 2691 381 2816 satelliti
395 2691 694 2831 ¹35⁰llldl‘iils0he‘vv
696 2709 738 2812 ⁰1²5
767 2691 810 2813 ld
818 2693 1190 2827 odialillniiffulutull
1207 2705 1282 2810 ..tt

113 2833 219 2884 natura
238 2832 266 2882 et
285 2834 386 2893 tuetur,
407 2859 436 2868 -
458 2849 550 2883 earum
569 2848 709 2884 summum
726 2829 829 2882 bonum
846 2828 1005 2898 incorpore
1028 2831 1076 2880 est.
1113 2826 1139 2878 S.
1159 2826 1229 2879 auch
1247 2843 1282 2878 zu

113 2899 139 2950 V
160 2903 187 2962 8,
207 2901 241 2950 22
259 2897 288 2950 id
306 2902 396 2968 ipsum
414 2899 569 2960 honestum,
588 2897 660 2967 quod
679 2897 806 2967 amplecti
823 2896 890 2957 vult,
909 2895 938 2949 id
957 2895 1040 2950 efficit
1058 2899 1146 2965 turpe.

189 2965 240 3019 423.
277 2964 369 3031 Quae
388 2967 486 3036 quod.
521 2967 578 3021 Fiir
596 2965 645 3020 das
662 2985 716 3020 von
734 2965 849 3036 Madvig
866 2965 1038 3034 hengestellte
1055 2963 1129 3034 quod
1151 2967 1214 3016 ‘was
1232 2962 1282 3016 das

114 3033 242 3098 betrifft’,
262 3037 355 3089 ‘wenn'
374 3035 462 3091 haben
481 3034 523 3089 die
535 3035 654 3089 Hdschr.
673 3053 742 3089 cum.
781 3035 851 3088 Aber
869 3033 942 3087 daun
960 3037 1065 3088 miisste
1083 3050 1231 3102 quaecum
1251 3061 1280 3070 -

115 3104 179 3157 visa
199 3107 288 3157 essent
307 3104 410 3158 stehen.
471 3105 564 3158 inter
582 3104 709 3174 optime
727 3104 848 3157 valere.
867 3102 1082 3173 Ungewbhnlich
1100 3101 1139 3154 ist
1157 3101 1200 3154 die
1218 3100 1281 3180 Ver-

116 3170 245 3242 bindung
263 3173 309 3226 des
328 3173 381 3228 Inl'.
402 3173 453 3227 mit
472 3173 545 3227 einer
562 3173 676 3242 Pr'apos.
695 3173 794 3224 Seneca
812 3172 845 3224 de
863 3170 950 3225 benef.
968 3171 993 3223 V
1013 3175 1053 3232 10,
1072 3175 1087 3222 2
1107 3169 1225 3222 multum
1243 3187 1281 3222 m·

120 3243 208 3292 terest
224 3241 294 3295 inter
312 3241 377 3295 dare
396 3246 422 3296 et
441 3242 567 3313 accipere.
586 3240 664 3294 Ovid.
684 3239 748 3293 Her.
768 3243 791 3301 7,
812 3244 861 3292 164
880 3239 953 3308 quod
972 3238 1073 3291 crimen
1092 3237 1159 3290 dicis
1177 3240 1283 3306 praeter
1360 3265 1361 3270 =

120 3325 229 3362 amasse
245 3316 353 3365 meum?
388 3311 455 3365 Hor.
475 3317 526 3365 sat.
546 3311 575 3364 II
593 3315 618 3372 5,
637 3313 669 3362 69
688 3309 727 3361 nil
745 3308 799 3361 nisi
817 3308 939 3377 legatum
975 3309 1063 3360 raeter
1086 3305 1191 3385 plorare
1214 3304 1282 3357 suis-

117 3395 182 3446 que.
201 3377 408 3450 campester.
500 3380 636 3433 Dum-
655 3377 852 3431 voluerunt.
888 3375 944 3429 Das
987 3374 1036 3430 erf.
1055 3372 1182 3427 bardum
1202 3373 1281 3452 ‘vvah-

115 3445 196 3500 rend'
214 3447 291 3502 dient
308 3467 357 3502 zur
374 3449 418 3502 An
439 3446 488 3500 abe
506 3449 579 3502 einer
596 3446 761 3515 Handlung,
790 3446 839 3499 das
856 3443 967 3514 imperf.
995 3463 1043 3497 zur
1070 3441 1183 3511 Angabe
1210 3458 1282 3495 emes

117 3515 281 3570 Zustandes.
300 3535 338 3570 or.
357 3537 383 3587 p.
402 3465 474 3570 llius.
493 3520 534 3580 27,
554 3521 586 3570 55
605 3516 653 3587 qui
670 3517 798 3586 primum,
817 3514 883 3568 dum
904 3543 932 3553 -
952 3532 1038 3568 unum
1057 3509 1202 3566 ascendere
1220 3528 1282 3580 gra·

115 3583 187 3638 dum
205 3584 350 3655 dignitatis
374 3588 488 3640 conatus
513 3587 566 3648 est,
590 3584 666 3638 vonit
687 3585 717 3638 in
742 3584 899 3654 periculum.
934 3601 959 3653 p.
978 3582 1059 3635 Rosc.
1076 3581 1167 3634 Amor.
1188 3581 1229 3643 32,
1249 3583 1280 3632 91

117 3653 195 3707 Dum
212 3653 235 3707 is
253 3654 284 3707 in
301 3653 362 3708 aliis
380 3654 461 3709 rebus
481 3657 539 3708 erat
557 3657 713 3724 occupatuS‚
732 3654 780 3723 qui
798 3670 933 3706 summam
951 3667 1042 3705 rerum
1061 3647 1290 3722 administrabat,

118 3725 199 3776 eraut
215 3723 328 3785 interea,
346 3723 395 3792 qui
414 3723 471 3776 suis
489 3723 645 3777 vulneribus
664 3723 843 3777 mederentur.
879 3720 979 3790 Zumpt
999 3721 1011 3784 ᾖ
1031 3721 1089 3772 501.
1178 3717 1281 3772 selec-

117 3791 217 3846 tione
237 3793 391 3854 ‘Auswahl’,
410 3793 496 3855 1114,
518 3796 556 3844 12.
576 3797 600 3856 6,
619 3795 660 3845 20.
792 3789 832 3843 ad
851 3788 1037 3843 scientiam
1056 3786 1171 3841 omnia
1189 3804 1282 3840 revo-

118 3877 214 3922 cans,
234 3859 267 3914 de
285 3862 364 3914 amic.
386 3865 426 3923 16,
445 3865 478 3914 59
497 3860 588 3914 omnia
607 3860 642 3914 ad
660 3878 738 3912 suam
776 3859 908 3913 otentiam
927 3857 1079 3912 revocantis
1103 3869 1161 3910 esse
1178 3859 1282 3910 senten·

117 3929 198 3983 tiam.
234 3929 441 3984 Gevvbhnlicher
458 3929 496 3982 ist
514 3929 607 3982 omnia
625 3929 722 3982 referre
740 3878 774 3981 ad
793 3927 908 3998 aliquid:
928 3927 961 3980 de
970 3927 1055 3980 fimss
1066 3929 1106 3988 15,
1117 3929 1150 3977 48
1170 3925 1193 3978 si
1211 3923 1283 3978 enim

119 3997 156 4050 ad
174 3997 348 4052 honestatem
368 3998 459 4052 omnia
478 3999 605 4052 referant.
626 4001 666 4059 16,
684 4001 726 4050 53.
746 4000 787 4057 18,
807 4001 848 4050 58.
866 3999 908 4048 59.
927 4000 968 4058 21,
987 4000 1028 4048 85.
1048 3998 1089 4056 28,
1109 3997 1151 4047 90.
1170 3997 1211 4057 33,
1227 3996 1284 4045 108.

119 4066 160 4119 IV
178 4071 220 4130 20,
240 4072 281 4121 57.
309 4067 387 4122 Tusc.
411 4067 432 4119 V
450 4070 491 4130 33,
511 4071 552 4119 95.
580 4066 613 4119 de
630 4065 709 4119 amic.
728 4070 753 4128 9,
773 4069 814 4118 32.
844 4083 882 4117 or.
900 4083 925 4134 p.
945 4064 1015 4117 Sest.
1033 4068 1074 4126 21,
1093 4066 1135 4116 48.
1205 4063 1284 4132 post

118 4136 209 4190 enim
228 4136 470 4208 Chrysippum.
507 4135 567 4188 Wie
585 4134 657 4188 enim
675 4133 734 4186 hier
752 4133 808 4187 und
826 4133 870 4186 111
889 4139 930 4193 11,
949 4136 982 4184 36
999 4135 1106 4202 praeter
1133 4131 1205 4185 enim
1228 4134 1283 4183 tres

120 4203 190 4259 disci
209 4204 288 4267 linas,
308 4224 337 4258 so
356 4209 448 4260 treten
467 4204 537 4257 auch
555 4221 617 4256 vero
636 4201 693 4256 und
712 4207 803 4255 autem
822 4200 955 4281 zwischen
966 4200 1079 4270 Prapos.
1092 4200 1149 4254 und
1161 4199 1282 4254 Nomen:

120 4271 154 4325 de
172 4223 216 4328 od.
235 4274 308 4335 118,
327 4277 359 4326 21
378 4278 441 4344 post
459 4290 521 4326 vero
540 4271 629 4326 Sullae
647 4271 798 4325 victoriam.
824 4269 856 4324 de
874 4269 957 4323 divin.
976 4268 1007 4323 Π
1025 4272 1066 4331 21,
1086 4273 1118 4322 59
1138 4270 1202 4321 ante
1221 4283 1282 4345 vero

120 4341 271 4397 Marsicum
296 4342 402 4396 bellum.
438 4342 471 4394 de
489 4345 546 4396 nat.
565 4340 637 4395 deor.
654 4340 685 4394 11
702 4343 744 4402 20,
763 4343 800 4392 52
822 4338 894 4392 infra
921 4343 1014 4391 autem
1042 4338 1119 4390 hanc.
1226 4352 1284 4404 qur
