2942 4950
233 319 296 382 206
468 315 520 372 De
538 313 689 370 FINIBUS
708 312 893 370 BONORUM
910 314 958 368 ET
975 313 1164 370 MALORUM

232 508 347 572 garem
365 492 420 565 te,
443 485 562 570 inquit,
587 493 626 549 ut
648 485 775 550 diceres
798 507 857 569 pro
881 505 932 548 me
956 491 994 548 tu
1017 484 1125 562 idem,
1150 485 1207 566 qui
1229 483 1296 546 illis
1319 505 1407 546 ora·

232 592 358 656 tionem
383 588 578 653 dictavisses
589 638 598 668 ,
629 589 682 653 vel
704 588 816 672 potius
839 587 974 670 paulum
996 586 1063 650 loci
1085 586 1184 664 mihi,
1218 592 1257 650 ut
1279 585 1319 648 iis
1344 608 1407 649 re·

234 693 440 778 sponderem,
466 692 572 770 dares,
597 691 661 754 nisi
684 697 718 755 et
740 695 775 754 te
799 689 911 754 audire
935 710 1022 754 nune
1045 689 1179 753 mallem
1202 687 1325 752 et'istis
1343 695 1406 751 ta-

232 820 307 862 men
332 796 397 860 alio
420 803 569 877 tempore
591 815 809 876 responsurus
830 813 947 870 essem,
972 798 1044 855 tum
1061 791 1199 869 seilicet,
1226 812 1302 854 oum
1317 789 1402 853 tibi.

232 899 366 964 XXIII.
392 900 516 980 Atque,
542 896 570 958 si
586 917 700 959 verum
715 894 915 980 respondere
930 895 1046 973 velles,
1073 894 1169 973 Cato,
1194 895 1276 958 haec
1300 901 1405 958 erant

233 1001 388 1066 dicenda:
414 1023 480 1066 non
504 1019 559 1062 eos
582 997 646 1062 tibi
668 1021 734 1063 non
756 998 925 1082 probatos,
948 996 1053 1061 tantis
1076 996 1218 1081 ingeniis
1242 996 1405 1060 homines

232 1111 393 1187 tantaque
417 1103 638 1180 auctoritate,
679 1101 738 1165 sed
760 1105 794 1164 te
819 1099 1112 1179 animadvertisse,
1147 1123 1228 1184 quas
1258 1121 1312 1164 res
1346 1100 1405 1163 illi

232 1214 367 1292 propter
390 1205 622 1288 antiquitatem
644 1227 759 1290 parum
783 1204 956 1282 vidissent,
982 1225 1036 1268 eas
1054 1229 1072 1268 a
1088 1203 1209 1268 Stoicis
1234 1225 1306 1266 esse
1322 1226 1404 1286 per-

233 1317 383 1395 spectas,
418 1306 606 1390 eisdemque
640 1307 680 1370 de
712 1306 810 1371 rebus
834 1308 894 1370 hos
919 1327 994 1370 eum
1025 1305 1154 1370 acutius
1187 1305 1408 1385 disseruisse,

232 1418 303 1476 tum
327 1411 469 1475 sensisse
492 1410 626 1494 gravius
651 1417 685 1474 et
707 1409 847 1488 fortius,
878 1408 999 1494 quippe
1023 1408 1079 1492 qui
1101 1408 1243 1493 primum
1265 1409 1402 1472 valetn-

233 1515 343 1578 dinem
365 1513 488 1578 bonam
516 1513 736 1596 expetendam
766 1516 892 1596 negent
923 1533 1015 1590 esse,
1049 1509 1237 1594 eligendam
1269 1511 1398 1588 dicant,

232 1639 293 1684 nec
318 1616 395 1701 quia
417 1616 543 1680 bonum
566 1615 610 1678 sit
634 1615 755 1693 valere,
781 1615 840 1678 sed
864 1614 939 1697 quia
955 1614 1081 1677 sitnon
1097 1613 1201 1677 nihilo
1218 1613 1398 1678 aestiman-

233 1720 312 1785 dum
334 1757 376 1767 -
399 1739 506 1802 neque
528 1724 642 1780 tamen
665 1717 769 1800 pluris
792 1716 859 1779 illis
882 1717 1034 1795 videtur,
1060 1715 1116 1799 qui
1138 1715 1223 1780 illud
1246 1738 1311 1780 non
1336 1717 1398 1779 du·

232 1822 344 1886 bitant
374 1820 499 1884 bonum
531 1819 657 1884 dicere:
683 1821 812 1883 -hoc
843 1840 920 1884 vero
952 1825 987 1882 te
1018 1819 1103 1882 ferre
1135 1841 1202 1882 non
1233 1819 1396 1903 potuisse,

233 1925 322 2010 quod
345 1923 471 2006 antiqui
494 1921 546 1986 illi
569 1921 663 2006 quasi
687 1922 836 2001 barbati,
871 1929 908 1984 ut
931 1944 991 1985 nos
1022 1921 1061 1984 de
1093 1921 1217 1986 nostris
1250 1921 1394 1984 solemus

234 2030 354 2106 dicere,
380 2027 580 2092 crediderint
603 2026 693 2105 eius,
720 2026 776 2109 qui
797 2028 938 2091 honeste
961 2025 1108 2104 viveret,
1133 2025 1161 2088 si
1183 2024 1268 2089 idem
1288 2023 1392 2087 etiam

232 2132 317 2196 hene
340 2129 477 2207 valeret,
503 2129 586 2192 hene
610 2127 750 2206 audiret,
776 2127 927 2210 copiosus
952 2134 1052 2204 esset,
1077 2125 1307 2210 optabiliorem
1320 2123 1396 2188 fore

235 2233 340 2297 vitam
363 2231 599 2315 melioremque
622 2235 656 2294 et
680 2229 785 2313 magis
816 2228 1035 2313 expetendam
1067 2251 1167 2312 quarn
1197 2228 1305 2307 illius,
1340 2228 1399 2311 qui

235 2357 337 2420 aeque
360 2334 410 2399 vir
433 2335 539 2399 bonus
563 2333 702 2398 multis
726 2333 851 2397 modis
876 2336 975 2412 esset,
998 2341 1037 2398 ut
1060 2332 1161 2397 Ennii
1183 2333 1362 2406 Aloumeo,

336 2435 636 2502 clreumventus
659 2435 811 2514 morbo,
837 2435 980 2500 exsilio
1005 2440 1123 2518 atque
1147 2434 1291 2520 inopia.

304 2587 355 2644 62.
391 2590 502 2659 Atque
520 2589 585 2654 ‘und
601 2590 691 2644 awar’.
795 2589 918 2670 quippe
936 2586 1395 2659 qui—negent-dicant:

236 2659 285 2713 das
302 2659 428 2722 Prtisens,
448 2658 553 2712 obwohl
571 2662 649 2711 erant
668 2657 789 2719 dicenda,
808 2657 941 2711 vidrssent
959 2657 1151 2726 vorhergehen.
1187 2657 1280 2710 Dieser
1299 2657 1399 2710 Wech·

236 2727 274 2782 sel
292 2727 341 2782 der
359 2727 425 2781 Tem
444 2745 492 2781 ora
509 2727 548 2780 ist
564 2725 609 2780 bei
627 2725 683 2780 Cic.
701 2725 779 2780 nicht
798 2726 890 2780 selten.
996 2745 1060 2780 non
1078 2725 1189 2780 nihilo
1207 2725 1397 2780 aestiman-

235 2797 312 2850 dum
330 2745 507 2876 5:211·qu
528 2801 557 2848 11
578 2813 633 2849 non
651 2813 696 2848 ma
721 2813 752 2874 Ιο
770 2795 978 2875 aestimandam.
1063 2813 1172 2864 neque
1190 2798 1304 2848 tamen
1321 2794 1397 2863 plu·

234 2865 282 2920 ris
300 2865 374 2919 illrs
392 2864 546 2926 videtur,
565 2865 625 2933 qui
645 2893 673 2902 -
695 2813 806 2918 dicere
825 2863 886 2918 srnd
912 2864 1007 2917 Worte
1033 2863 1157 2927 Ciceros,
1185 2863 1227 2917 die
1254 2881 1282 2917 er
1308 2881 1397 2933 gegen

236 2933 305 2988 Cato
323 2933 424 2987 richtet
441 2931 498 2986 und
517 2933 561 2986 die
578 2949 606 2986 er
623 2931 653 2986 in
671 2931 714 2987 die
731 2933 855 3004 fingiertc
872 2931 947 2987 Rode
963 2931 1047 2986 caeos
1066 2932 1224 2987 einschiebt
1334 2931 1399 2986 hoc

237 3020 312 3057 vero
330 3005 364 3056 te
382 3002 466 3056 ferre
484 3020 551 3056 non
567 3001 726 3071 potuisse
749 3002 832 3056 n'aml.
850 3001 997 3057 dicendum
1015 3001 1068 3056 tibi
1086 3005 1152 3055 erat.
1188 3001 1257 3054 Dem
1274 3001 1397 3071 primum

235 3071 314 3128 sollte
328 3071 399 3141 jetzt
417 3069 514 3126 deinde
533 3075 625 3124 autem
643 3071 743 3141 folgen.
779 3070 836 3126 eie.
853 3071 903 3125 hat
921 3069 987 3125 aber
1004 3069 1047 3124 die
1064 3069 1138 3124 Rode
1155 3069 1296 3139 geandert.
1331 3069 1356 3120 V
1377 3069 1397 3122 1.

235 3159 258 3195 c.
277 3145 318 3202 16,
338 3143 379 3194 45.
483 3139 581 3208 quasi
599 3138 751 3194 barbati:
781 3157 810 3193 so
828 3139 935 3194 hiessen
953 3139 1004 3202 die,
1023 3139 1066 3194 die
1084 3139 1143 3193 sich
1161 3139 1213 3192 den
1230 3135 1398 3193 Bartnict

235 3208 356 3263 schoren.
392 3209 426 3262 In
444 3209 490 3263 der
508 3208 581 3262 alten
599 3208 659 3262 Zeit
676 3227 731 3262 war
749 3227 776 3262 es
795 3208 866 3262 Sitte
884 3207 936 3262 den
953 3208 1023 3262 Bart
1040 3208 1106 3278 lang
1122 3227 1157 3262 zu
1174 3211 1271 3276 tragen
1289 3207 1346 3261 und
1365 3225 1397 3260 so

234 3279 293 3349 galt
311 3277 358 3332 der
374 3277 519 3333 Ausdruck
538 3277 577 3331 als
594 3276 786 3347 Bezeichnung
804 3277 851 3331 der
868 3277 970 3332 Romer
988 3294 1037 3330 aus
1055 3276 1104 3332 der
1160 3280 1206 3330 ten
1233 3277 1308 3330 alten
1325 3275 1396 3339 Zeit,

234 3347 391 3496 ser
409 3347 482 3470 tt
501 3349 545 3470 e
562 3345 1095 3494 {lar{estsere-settled
1110 3345 1397 3494 uerebar.-

235 3485 317 3539 schen
333 3484 517 3554 Philosophen
535 3482 587 3536 den
603 3482 673 3536 Bart
691 3483 833 3546 wachsen,
861 3482 946 3538 daher
963 3481 1119 3536 bezeichnet
1136 3482 1246 3536 Persius
1264 3486 1316 3536 sat.
1335 3487 1360 3545 4,
1383 3487 1394 3534 l

236 3553 290 3608 den
308 3553 431 3607 Socrates
450 3552 489 3606 als
508 3550 646 3606 barbatus,
658 3551 714 3604 und
731 3551 848 3606 Juvenal
866 3557 918 3606 set.
937 3556 977 3615 14,
989 3555 1020 3604 12
1040 3555 1102 3622 sagt
1120 3550 1248 3606 barbatos
1266 3551 1331 3606 lieet
1349 3550 1396 3604 ad·

235 3639 344 3676 moveas
363 3621 434 3676 mille
452 3619 515 3674 inde
532 3619 686 3699 magistros.
784 3619 868 3674 bene
886 3618 1026 3674 audiret
1044 3620 1082 3673 ‘in
1099 3622 1193 3690 gutem
1211 3619 1284 3678 Rufe
1301 3619 1396 3683 stehe’,

235 3691 281 3746 III
300 3693 340 3754 17,
359 3693 400 3744 57.
481 3688 587 3742 Ennii
604 3687 777 3753 Aloumeo,
796 3688 885 3743 wofiir
903 3689 972 3743 auch
989 3688 1120 3743 Alcumeo
1137 3688 1280 3743 Ennianus
1298 3689 1395 3742 stchen

235 3759 347 3821 konnte,
365 3758 414 3812 wie
432 3757 512 3812 Tusa.
532 3757 577 3810 III
586 3760 627 3820 26,
638 3761 670 3810 62
688 3757 858 3827 Agamemno
876 3757 1039 3812 Homericus
1059 3761 1086 3812 et
1102 3755 1175 3811 idem
1192 3757 1335 3820 Accianus,
1353 3757 1397 3812 IV

237 3831 278 3890 31,
297 3831 330 3880 et
347 3825 504 3880 Naevianus
522 3826 565 3880 ille
583 3825 693 3880 Hector.
713 3857 745 3866 -
765 3826 820 3880 Der
846 3825 914 3881 Vers
945 3826 999 3892 (ein
1026 3826 1201 3896 Septenarius
1226 3825 1395 3892 trochaicus)

237 3895 312 3951 steht
337 3893 503 3966 vollst'andig
528 3893 562 3948 de
588 3899 656 3949 orat.
673 3895 719 3950 III
745 3899 796 3959 58,
822 3899 873 3948 218
900 3893 1071 3950 multimodis
1099 3913 1160 3949 sum
1186 3895 1396 3958 circumventus,

236 3963 342 4029 morbo,
361 3963 452 4018 exsilio
471 3967 553 4034 atque
578 3963 680 4034 inopia.
716 3965 786 4018 Eun.
804 3963 849 4018 bei
866 3964 988 4019 Ribbeck
1006 3965 1103 4034 fragm.
1123 3967 1193 4034 trag.
1211 3964 1290 4018 Rom.
1308 3981 1333 4018 v.
1351 3967 1394 4016 20.

236 4034 365 4088 Alcumeo
384 4033 530 4100 (Alcmaeo,
549 4031 716 4106 Ἀλκμαίων)
743 4051 799 4087 war
825 4033 872 4086 der
899 4033 973 4087 Sohn
992 4033 1037 4087 des
1054 4034 1108 4087 Am
1127 4033 1237 4087 hiaraus
1263 4033 1320 4086 und
1346 4031 1396 4086 der

235 4103 373 4174 Eriphyle.
390 4102 439 4156 Als
456 4102 515 4156 ihm
532 4102 590 4156 sein
612 4103 692 4156 Vater
710 4101 753 4156 bei
770 4104 871 4156 seinem
889 4102 963 4173 ane
979 4118 1067 4172 gagen
1084 4053 1194 4157 Theben
1212 4103 1263 4156 den
1281 4120 1317 4155 an
1335 4100 1394 4155 ihm

236 4171 411 4244 begangenen
428 4170 548 4226 Vernath
567 4171 614 4225 der
630 4169 760 4242 Eriphyle
777 4169 899 4225 bekannt
936 4171 1043 4226 emaeht
1060 4170 1117 4224 und
1136 4171 1179 4225 die
1195 4170 1287 4225 Raehe
1306 4169 1395 4225 seines

237 4242 325 4296 Todes
342 4240 498 4296 dberlassen
515 4240 611 4304 hatte,
629 4240 736 4295 tddtete
755 4257 784 4294 er
800 4241 873 4294 seine
923 4243 997 4295 ubter
1014 4241 1052 4294 im
1070 4239 1220 4294 Gehorsam
1237 4256 1324 4309 gegen
1342 4239 1394 4292 den

236 4309 387 4380 gefallenen
405 4309 496 4364 Vater.
531 4307 570 4364 Er
588 4309 676 4364 verfiel
694 4325 784 4378 wegen
803 4308 889 4364 dieser
901 4308 1057 4364 Frevelthat
1075 4308 1105 4362 in
1121 4307 1239 4373 Raserei,
1257 4307 1313 4362 floh
1331 4327 1394 4362 zum
