3024 4938
221 308 240 372 2
330 260 355 332 ’ἶ
368 271 413 336 '··'
465 247 888 358 orl-rhir'sisfsouosuu
907 304 954 357 ar
973 299 1162 356 usuonuu

221 447 857 552 eo'rlvhi‘ada‘rahtht·tributariam,
883 479 917 536 et
940 472 975 535 hi
992 472 1123 556 quidem
1141 474 1262 537 eruditi
1277 477 1395 538 Grae·

221 582 267 645 cis
291 578 425 656 litteris,
452 583 702 640 contemnentes
726 576 881 654 Latinas,
914 575 1027 660 quise
1051 575 1163 640 dicant
1186 576 1219 639 in
1243 577 1390 642 Graecis

220 683 370 768 legendis
395 702 527 764 operam
541 680 640 742 malle
657 701 860 742 consumere.
906 680 1079 743 Postremo
1097 679 1225 764 aliquos
1248 679 1387 744 futuros

220 788 378 873 suspicor,
404 785 459 868 qui
482 807 533 848 me
550 785 592 848 ad
608 784 688 847 alias
704 784 834 847 litteras
850 792 982 861 vocent,
1000 805 1105 865 genus
1121 785 1184 847 hoo
1202 781 1388 861 scribendi,

219 891 284 957 etsi
307 891 351 954 sit
375 889 529 970 elegans,
563 907 722 969 personae
755 893 868 949 tamen
891 893 925 948 et
949 885 1122 968 dignitatis
1147 905 1217 949 esse
1240 892 1383 968 negent.

220 994 262 1080 (2)
287 993 415 1056 Contra
439 1011 521 1072 quos
546 1009 658 1052 omnes
691 987 865 1052 dicendum
889 987 1035 1052 breviter
1060 989 1230 1052 existimo:
1265 1009 1383 1070 quam-

220 1119 317 1181 quam
360 1090 591 1180 philosophiae
627 1090 759 1174 quidem
795 1090 1076 1174 vituperatoribus
1120 1091 1201 1154 satis
1243 1111 1384 1174 respon·

219 1223 291 1264 sum
308 1203 360 1260 est
385 1217 423 1259 eo
446 1194 544 1267 libro,
571 1215 634 1278 quo
659 1217 677 1256 a
699 1193 794 1257 nobis
812 1193 1022 1278 philosophia
1044 1193 1181 1257 defensa
1204 1192 1238 1256 et
1255 1192 1383 1256 collau-

219 1305 298 1366 data
332 1306 402 1371 est,
438 1317 512 1363 cum
546 1303 635 1360 esset
663 1301 817 1360 accusata
846 1303 879 1359 et
907 1295 1095 1380 vituperata
1121 1296 1162 1360 ab
1186 1295 1382 1359 Hortensio.

218 1403 285 1469 Qui
306 1401 392 1465 liber
424 1420 499 1462 oum
531 1405 565 1462 et
595 1397 658 1461 tibi
689 1398 848 1483 probatus
872 1397 1040 1462 videretur
1064 1405 1099 1462 et
1121 1398 1178 1476 iis,
1209 1420 1290 1481 quos
1315 1420 1381 1481 ego

217 1526 314 1590 posse
344 1501 488 1565 iudicare
518 1499 708 1578 arbitrarer,
733 1501 828 1584 plura
857 1501 1003 1584 suscepi,
1029 1500 1219 1564 veritusne
1244 1521 1382 1564 movere

217 1607 386 1672 hominum
412 1603 520 1667 studia
543 1603 682 1681 viderer,
706 1603 848 1667 retinere
872 1626 938 1674 non
961 1625 1069 1686 posse.
1110 1603 1176 1666 Qui
1199 1611 1320 1682 autem,
1349 1605 1382 1666 si

220 1710 361 1775 maxime
384 1709 448 1770 hoo
471 1708 613 1790 placeat,
637 1705 839 1769 moderatius
862 1712 975 1769 tamen
998 1704 1032 1769 id
1055 1707 1173 1769 volunt
1197 1706 1282 1784 lieri,
1313 1705 1383 1770 dif-

217 1815 339 1878 ficilem
363 1811 527 1894 quandam
551 1809 805 1892 temperantiam
828 1811 1001 1894 postulant
1027 1810 1061 1872 iu
1085 1832 1134 1888 eo,
1161 1809 1249 1893 quod
1273 1809 1381 1872 semel

217 1917 398 1982 admissum
431 1911 574 1976 coerceri
605 1911 802 1996 reprimique
834 1935 901 1975 non
924 1917 1052 1998 potest,
1078 1920 1116 1975 ut
1138 1911 1381 1995 propemodum

216 2017 409 2083 iustioribus
433 2023 566 2079 utamur
595 2014 673 2093 illis,
699 2015 754 2098 qui
778 2014 909 2079 omnino
939 2022 1081 2078 avocent
1113 2037 1132 2076 a
1153 2013 1378 2098 philosophia,

216 2143 315 2205 quam
337 2119 399 2196 his,
434 2119 490 2202 qui
521 2119 620 2182 rebus
658 2117 797 2182 infinitis
828 2118 963 2182 modum
988 2117 1198 2181 constituant
1220 2117 1252 2186 in
1276 2138 1380 2200 reque

153 2245 158 2258 ·
216 2246 253 2288 eo
265 2222 411 2299 meliore,
437 2245 500 2305 quo
512 2221 615 2285 maior
637 2221 691 2300 sit,
711 2221 978 2285 mediocritatem
999 2219 1199 2283 desiderent.
1241 2218 1283 2304 (3)
1300 2219 1381 2283 Sive

216 2326 302 2390 enim
328 2325 368 2388 ad
392 2325 587 2410 sapientiam
611 2324 774 2407 perveniri
796 2329 920 2408 potest,
947 2347 1014 2387 non
1037 2324 1182 2406 paranda
1204 2324 1300 2388 nobis
1324 2345 1380 2386 so-

212 2426 283 2490 lum
307 2448 355 2503 ea,
381 2427 438 2490 scd
462 2426 599 2490 fruenda
623 2425 722 2489 etiam
747 2433 813 2503 est;
839 2426 907 2490 sive
931 2429 994 2490 hoc
1018 2425 1153 2490 difficile
1177 2435 1240 2504 est,
1264 2439 1379 2490 tamen

215 2550 277 2592 neo
306 2529 423 2591 modus
456 2527 506 2590 est
543 2528 630 2590 ullus
658 2527 883 2611 investigandi
912 2529 999 2608 veri,
1032 2529 1096 2591 nisi
1127 2529 1307 2608 inveneris,
1342 2537 1379 2592 et

214 2629 391 2716 quaerendi
414 2628 612 2713 defetigatio
636 2631 742 2714 turpis
767 2639 829 2710 est,
855 2653 929 2694 cum
953 2631 998 2710 id,
1024 2632 1112 2714 quod
1129 2633 1305 2715 quaeritur,
1330 2631 1379 2695 sit

212 2732 481 2819 pulcherrimum.
528 2731 662 2796 Etenim
694 2733 721 2796 si
745 2733 959 2812 delectamur,
986 2755 1060 2797 oum
1084 2733 1269 2814 scribimus,
1303 2735 1379 2819 quis

214 2843 265 2899 est
302 2843 371 2898 tam
395 2835 543 2914 invidus,
583 2835 638 2918 qui
667 2837 708 2899 ab
738 2859 775 2900 eo
804 2858 864 2900 nos
892 2836 1058 2900 abducat?
1098 2836 1149 2899 sin
1173 2838 1375 2915 laboramus,

281 3055 311 3108 2.
347 3073 549 3125 quamquam
566 3055 808 3126 philosophiae
826 3054 960 3125 quidem
985 3057 1296 3127 vituperatoribus
1323 3061 1374 3111 etc.

212 3132 275 3178 ‘was
290 3124 416 3178 indessen
435 3124 478 3178 die
496 3124 645 3179 Vertohter
668 3125 714 3178 der
736 3124 913 3196 Philosophia
936 3125 1048 3190 betrifft,
1073 3145 1103 3180 so
1125 3126 1180 3179 ist?
1217 3127 1271 3179 Zur
1288 3127 1376 3180 Sache

210 3193 264 3263 vgl.
283 3194 362 3248 Tusc.
380 3193 410 3246 H
428 3197 487 3256 2,4
526 3193 586 3247 Nos
613 3195 706 3248 autem
723 3193 864 3248 universae
881 3194 1069 3276 philosophiae
1086 3194 1317 3264 vituperatoribus
1335 3213 1373 3249 re-

210 3261 369 3316 sondimus
388 3261 417 3316 in
435 3261 592 3316 Hortensio.
646 3281 682 3316 eo
700 3262 798 3316 libro.
824 3263 903 3317 Dicae
921 3264 1026 3318 Schrrft
1044 3263 1159 3326 Ciceros,
1178 3263 1276 3317 welche
1294 3267 1378 3318 unter

230 3351 270 3385 em
295 3331 366 3385 11161
383 3330 549 3385 Hortensius
568 3329 611 3386 die
628 3331 804 3402 Philosophia
830 3350 916 3402 gagen
943 3333 986 3387 die
1003 3332 1126 3401 Angriffe
1144 3331 1190 3386 des
1208 3332 1374 3386 Hortensius

210 3399 398 3468 vertheidigte,
416 3400 515 3468 gehbrt
526 3419 575 3454 zur
587 3400 672 3454 Reihe
685 3399 785 3470 derjen'
807 3418 848 3463 en,
867 3418 920 3453 von
939 3399 1025 3454 denen
1043 3419 1095 3459 nur
1104 3401 1175 3455 noch
1184 3399 1376 3456 Bruchstiioke

209 3467 367 3522 vorhanden
385 3468 455 3522 sind.
479 3467 510 3532 Q.
523 3467 696 3532 Hortensius,
715 3470 762 3524 der
799 3467 858 3522 arin
878 3469 917 3521 als
947 3469 1116 3540 hilosophiae
1127 3470 1297 3540 vituperator
1315 3469 1373 3523 auf·

209 3537 280 3600 tritt,
298 3537 337 3590 ist
355 3535 401 3590 der
418 3536 562 3591 beriihmte
580 3538 715 3618 romische
727 3537 842 3617 Rodum,
862 3487 1374 3634 (161161136166660166163,3611111,

208 3603 1374 3753 11111111611121111111112111111121121111

208 3741 277 3795 hehe
295 3739 487 3810 Verbmdung:
509 3758 547 3795 or.
572 3761 600 3795 1n
630 3742 690 3796 Cat.
708 3744 724 3796 Ι
743 3747 782 3807 12,
810 3747 842 3796 29
861 3742 934 3813 quod
953 3743 976 3797 si
994 3761 1025 3798 ca
1049 3744 1118 3798 mihi
1137 3743 1373 3827 maximeimpen-

174 3865 176 3870 ,
208 3809 294 3872 deret,
313 3811 404 3862 tamen
422 3808 474 3861 hoc
492 3809 583 3862 animo
601 3810 643 3865 fui
661 3828 771 3881 semper.
790 3811 868 3866 Tuae.
887 3812 990 3876 11121,
1010 3817 1051 3865 51.
1071 3831 1110 3867 or.
1130 3812 1159 3866 iu
1176 3813 1252 3876 Verr.
1271 3812 1305 3868 11
1329 3819 1372 3876 42,

209 3883 250 3932 91.
268 3877 294 3930 V
312 3881 336 3940 8,
350 3880 391 3929 20.
410 3875 467 3929 Das
484 3877 522 3930 im
540 3877 679 3933 Naohsatz
698 3879 826 3934 stohende
844 3883 937 3934 tamen
954 3881 1036 3935 riicht
1054 3881 1136 3944 dann,
1155 3881 1259 3936 weilos
1278 3881 1377 3936 herab·

210 3944 393 4000 stimmenden
412 3945 479 3998 Sinn
498 3945 554 4008 hat,
574 3947 603 4000 in
621 3946 668 4001 der
685 3948 769 4023 Regel
786 3949 816 4002 in
834 3948 877 4003 dic
895 3949 988 4004 zweite
1007 3950 1095 4004 Stella.

278 4012 307 4066 3.
344 4018 466 4067 sive-
486 4013 563 4068 sive.
600 4015 669 4070 Hier
686 4015 771 4070 bildet
790 4017 867 4086 jedes
885 4019 941 4072 sive
959 4017 1011 4072 den
1029 4018 1193 4073 Vordersatz
1222 4037 1256 4072 zu
1283 4017 1372 4072 einum

208 4081 372 4137 bosonderen
394 4081 560 4137 Naohsatze:
580 4083 660 4138 ‘donn
678 4085 814 4140 entweder
834 4087 908 4140 kann
927 4105 991 4141 man
1018 4106 1066 4141 aur
1084 4086 1217 4142 Weisheit
1239 4086 1373 4157 gelangen

209 4147 273 4230 oder
289 4149 375 4214 nieht,
394 4149 433 4204 im
451 4154 539 4206 ersten
556 4152 616 4206 Fall
634 4173 659 4208 u.
679 4174 699 4208 s.
718 4155 759 4208 vv?
819 4153 963 4210 fruenda
981 4155 1086 4210 etiam
1105 4160 1166 4210 est.
1191 4157 1248 4210 Das
1266 4156 1374 4212 Gerun-

208 4219 301 4274 drvum
319 4237 372 4272 von
390 4219 445 4272 frui
463 4219 500 4274 ist
517 4221 587 4275 nach
605 4222 651 4276 der
660 4223 793 4292 Analogia
802 4241 857 4278 non
866 4224 987 4294 paranda
1022 4223 1162 4279 ebrauoht.
1183 4225 1376 4294 Zumpt§65'l..

209 4288 335 4342 etenim
353 4287 396 4342 bei
423 4243 1070 4362 16113611611661161Β6661611111166ς1116111156.
1090 4293 1136 4347 III
1155 4298 1178 4357 9,
1197 4297 1239 4347 20.
1265 4293 1307 4346 IV
1326 4297 1371 4357 17,
