2942 4950
234 319 293 382 148
466 317 517 373 ΒΕ
535 318 686 374 FINIBUS
703 315 888 373 BONORUM
906 317 953 373 ΕΤ
971 317 1160 374 MALORUM

227 490 342 553 Quare
358 487 495 553 attendo
511 495 546 554 te
569 489 717 554 studiose
740 493 785 568 et,
810 510 1035 573 quaecumque
1058 489 1156 554 rebus
1178 488 1231 567 iis,
1255 487 1296 551 de
1321 484 1395 569 qni·
1464 473 1465 484 i

228 595 294 656 bus
317 591 372 656 hic
395 612 501 656 sermo
525 599 588 671 est,
612 592 745 656 nomina
767 590 921 677 imponis,
944 592 1120 656 memoriae
1145 590 1276 656 mando.
1306 588 1399 653 Mihi
1465 575 1467 600 ¹

231 695 320 759 enim
343 693 406 759 erit
428 694 546 759 iisdem
567 693 640 757 istis
664 693 806 758 fortasse
829 694 896 759 iam
916 695 1090 760 utendum.
1115 693 1307 759 Virtutibus
1331 691 1399 776 igi-

228 806 288 862 tur
308 796 494 862 rectissime
517 796 599 860 mihi
621 796 742 861 videris
766 803 800 860 et
823 796 865 862 ad
881 798 1155 862 consuetudinem
1170 804 1302 862 nostrae
1324 816 1398 859 cra-

232 899 333 964 tionis
365 899 448 964 vitia
469 898 621 984 posuisse
645 898 821 963 contraria.
867 898 967 963 Quod
990 900 1077 964 enim
1099 898 1319 984 vituperabile
1343 905 1398 961 est
1467 955 1468 982 ἶ

233 1025 292 1087 per
315 1025 351 1066 se
374 1003 493 1086 ipsum,
518 1001 553 1065 id
576 1023 614 1066 ec
638 1001 710 1085 ipsc
734 1001 855 1065 vitium
875 1002 1084 1068 nominatum
1105 1009 1186 1088 puto
1209 1003 1264 1066 vel
1292 1001 1399 1066 etiam
1467 1005 1468 1068 3

233 1106 357 1171 avitio
382 1105 509 1168 dictum
535 1103 726 1189 vituperari.
774 1103 832 1168 Sin
854 1109 975 1170 κακίαν
997 1105 1160 1170 malitiam
1175 1105 1330 1184 dixissem
1355 1104 1399 1169 ad
1466 1109 1468 1200 l

233 1206 322 1272 aliud
347 1228 407 1271 nos
432 1228 534 1270 unum
564 1211 692 1271 certum
715 1204 832 1270 vitium
856 1207 1061 1272 consuetudo
1091 1209 1212 1274 Latina
1239 1208 1398 1272 traduce·
1467 1209 1468 1222 ²

230 1325 301 1374 ret:
341 1329 427 1372 nunc
452 1308 542 1371 omni
564 1306 687 1372 virtuti
703 1306 823 1372 vitium
846 1310 1011 1374 centrario
1039 1310 1170 1375 nomine
1202 1310 1398 1394 opponitur.

231 1411 296 1496 (41)
324 1411 409 1475 Tum
429 1410 499 1492 ille,
523 1411 584 1475 His
607 1409 711 1495 igitur
732 1411 781 1475 ita
802 1411 933 1495 positis,
957 1413 1076 1498 inquit,
1102 1413 1251 1496 sequitur
1273 1435 1401 1498 magna

230 1513 406 1578 contentio
417 1563 426 1593 ,
459 1536 560 1598 quam
589 1517 770 1578 tractatam
802 1536 821 1578 a
852 1515 1083 1600 Peripateticis
1115 1516 1248 1580 mollius
1278 1525 1401 1580 -est
1468 1543 1469 1606 ᾗ

234 1616 322 1680 enim
344 1636 458 1680 eorum
481 1615 686 1680 consuetudo
711 1614 842 1679 dicendi
857 1638 923 1680 ncn
940 1616 1020 1681 satis
1037 1624 1135 1682 acuta
1151 1627 1286 1704 propter
1300 1617 1400 1702 iguo·

234 1722 397 1786 rationem
420 1719 863 1784 dialecticae—Carneades
886 1726 964 1784 tuus
988 1721 1123 1804 egregia
1145 1721 1286 1805 quadam
1304 1743 1400 1786 exer·

236 1822 394 1887 citatione
416 1822 450 1886 in
474 1819 659 1886 dialecticis
682 1843 875 1904 summaque
904 1822 1094 1906 eloquentia
1119 1825 1216 1910 [rem]
1239 1824 1275 1887 in
1308 1847 1400 1888 surn-

235 1950 326 1992 mum
349 1926 525 1990 discrimen
550 1923 700 2003 adduxit,
725 1932 900 2009 propterea
923 1926 1012 2009 quod
1033 1948 1181 2011 pugnare
1204 1949 1271 1991 non
1294 1927 1400 1991 desti-

234 2031 290 2110 tit,
313 2031 349 2095 in
372 2029 461 2094 omni
484 2031 547 2094 hac
571 2029 783 2113 quaestione,
817 2050 901 2112 quae
924 2029 965 2092 de
990 2029 1084 2092 bonis
1108 2037 1143 2094 et
1164 2031 1260 2094 malis
1284 2031 1401 2115 appel·

238 2137 337 2214 letur‚
349 2155 415 2198 non
433 2154 505 2198 esse
521 2153 631 2196 rerum
646 2131 769 2196 Stoicis
786 2153 862 2196 cum
876 2131 1107 2216 Peripateticis
1126 2134 1400 2213 controversiam,

237 2239 295 2302 sed
318 2236 499 2301 nominum.
545 2233 632 2298 Mihi
664 2239 776 2299 autem
806 2233 890 2298 nihil
921 2241 992 2298 tem
1024 2235 1234 2322 perspicuum
1265 2236 1403 2301 videtur
1469 2249 1470 2314 i

239 2362 338 2424 quam
359 2341 419 2402 has
444 2337 627 2402 sententias
652 2357 765 2401 eorum
788 2336 1063 2421 philosophorum
1084 2359 1119 2402 re
1135 2337 1272 2402 interae
1291 2338 1403 2421 magis
1469 2325 1470 2328 Ἴ

238 2464 337 2525 quam
357 2439 468 2505 verbis
492 2439 667 2502 dissidere:
706 2437 863 2502 maiorem
886 2438 993 2503 multo
1016 2444 1102 2504 inter
1124 2439 1255 2505 Stoicos
1279 2447 1314 2504 et
1336 2442 1402 2504 Pe·

238 2543 430 2627 ripateticos
458 2563 569 2606 rerum
601 2562 672 2604 esse
705 2539 755 2603 aio
789 2540 1046 2624 discrepantiam
1080 2565 1179 2626 quam
1209 2543 1401 2623 verborum,

240 2645 359 2728 quippe
384 2665 459 2708 cum
480 2642 695 2727 Peripatetici
723 2641 852 2721 omnia,
886 2664 969 2726 quae
1001 2644 1065 2727 ipsi
1095 2644 1184 2708 bona
1214 2646 1401 2730 appellant,

241 2748 406 2832 pertinere
430 2745 544 2808 dicant
567 2745 609 2809 ad
632 2744 730 2809 beate
761 2744 958 2820 vivendum,
992 2747 1097 2811 nostri
1127 2769 1194 2812 non
1222 2769 1263 2812 ex
1294 2749 1402 2821 omni,

240 2937 301 2999 hen,
320 2954 340 2989 s.
360 2933 374 2988 Ι
392 2939 416 2997 9,
436 2937 477 2987 30.
547 2933 588 2987 ad
607 2931 701 2986 aliud
719 2932 771 2986 auf
785 2935 868 2988 etwas
885 2932 1019 2998 eluderes,
1037 2935 1120 2989 n'aml
1139 2935 1191 2990 aus
1204 2935 1247 2990 ein
1265 2936 1404 2993 einzelnes

242 3004 412 3059 bestimmten
430 3003 534 3057 Laeter.
1067 3036 1070 3041 -

309 3072 358 3126 41.
393 3089 453 3142 pro
484 3074 536 3125 ter
553 3070 809 3151 ignorationem
828 3070 1043 3126 dialecticae.
1079 3071 1146 3127 Man
1170 3072 1307 3134 bedenke,
1335 3073 1404 3128 dass

243 3143 295 3197 den
313 3140 465 3211 Peripateti
486 3157 533 3194 ern
551 3138 638 3193 dreser
656 3138 786 3194 Vcrwurf
799 3157 854 3193 von
871 3139 960 3195 einem
978 3139 1087 3195 Stciker
1103 3142 1231 3210 gemacht
1248 3140 1322 3196 wird.
1349 3143 1405 3197 Die

241 3210 351 3265 Stciker
368 3209 524 3264 zeichneten
542 3208 600 3262 sich
619 3206 682 3262 aber
699 3207 874 3262 bekanntlich
893 3209 979 3263 durch
1002 3208 1062 3265 ihre
1081 3208 1272 3265 Gewandtheit
1293 3211 1322 3264 iu
1353 3212 1405 3268 der

240 3278 376 3334 Dialectik
394 3297 460 3340 aus,
479 3277 523 3333 die
541 3277 582 3332 oft
600 3293 649 3330 zur
667 3276 887 3348 Spitzfindiglreit
905 3281 1058 3338 ausartete,
1085 3279 1213 3333 wthrend
1231 3297 1258 3332 cs
1276 3297 1329 3333 von
1350 3279 1404 3334 den

241 3347 458 3419 Peripatetilrern
476 3347 556 3400 Tusc.
567 3345 609 3401 IV
622 3350 675 3408 5,9
694 3345 793 3400 heisst:
813 3346 904 3416 spinas
922 3346 1058 3416 partiendi
1076 3351 1104 3401 et
1122 3347 1267 3402 definiendi
1282 3354 1403 3419 praeter-

242 3418 367 3472 mittunt.
471 3413 670 3469 Carneades
688 3433 710 3468 s.
728 3432 763 3468 zu
779 3414 810 3468 Π
829 3420 870 3478 11,
889 3419 929 3468 35.
965 3415 1101 3470 Geriihmt
1118 3416 1210 3471 wurde
1227 3416 1271 3471 die
1288 3417 1405 3473 Scharse

243 3487 330 3540 seiner
342 3484 486 3546 Dialectilr,
505 3482 661 3537 dieGewalt
678 3481 870 3554 undAnmuth
890 3484 976 3538 seiner
985 3483 1066 3548 Reda,
1086 3484 1214 3539 wodurch
1232 3503 1260 3540 er
1278 3492 1404 3541 nement-

243 3555 296 3609 lich
314 3553 358 3608 bei
376 3554 465 3608 seiner
476 3551 667 3606 Anwesenheit
683 3551 713 3605 in
730 3551 802 3605 Rom
820 3551 865 3608 hei
883 3552 975 3606 seinen
987 3553 1127 3608 Zuhbrern
1146 3553 1198 3608 den
1209 3555 1324 3610 tiefsten
1335 3555 1405 3609 Ein-

243 3623 329 3677 druck
345 3620 563 3677 hervcrbrachte.
635 3620 726 3688 [rem]
744 3620 777 3674 in
796 3637 961 3676 summum
980 3621 1168 3678 discrimen
1187 3623 1338 3678 adduxit.
1359 3625 1404 3678 Da

243 3693 289 3746 der
307 3690 360 3745 mit
378 3708 459 3760 quam
478 3691 626 3744 tractatam
644 3687 811 3758 beginncndc
828 3689 996 3744 Relativsata
1014 3690 1112 3746 bereits
1135 3692 1193 3746 sein
1219 3691 1316 3762 Object
1342 3693 1403 3754 hat,

244 3779 272 3813 sc
290 3761 329 3814 ist
346 3758 394 3812 das
413 3758 522 3812 hdschr.
540 3775 597 3811 rem
615 3755 667 3810 mit
685 3758 799 3827 Madvig
816 3777 851 3811 zu
869 3758 1016 3813 entlernen.
1104 3778 1120 3813 a
1172 3760 1312 3815 ellatur:
1335 3781 1405 3815 man

244 3831 368 3881 erwartet
386 3845 418 3896 ap
439 3827 571 3887 ellaretnr,
590 3825 648 3878 weil
666 3825 713 3880 der
729 3826 896 3882 Relativsatz
915 3827 992 3881 einen
1009 3829 1112 3883 Bastan
1132 3779 1264 3885 eleuter
1282 3831 1404 3885 Ansicht

244 3897 291 3950 des
308 3845 460 3949 Carneades
478 3897 610 3964 (pugnare
627 3911 683 3948 non
701 3894 819 3961 destitit)
838 3894 930 3950 bildet.
1027 3899 1153 3968 quippe
1171 3916 1244 3954 cum
1262 3898 1342 3953 Peri
1355 3963 1358 3966 ,
1372 3919 1404 3954 a·

245 3964 346 4018 tetici
364 3965 413 4016 etc.
448 3961 527 4016 Nach
545 3961 592 4016 der
609 3963 727 4018 Ansicht
744 3964 791 4018 der
817 3964 1016 4034 Peripatetiker
1041 3967 1135 4023 wiirde
1162 3967 1211 4021 das
1236 3919 1405 4040 gliickselige

244 4033 337 4088 Leben
348 4031 541 4086 vervollst‘eiudi
562 4035 574 4084 t
591 4032 697 4086 werden
715 4051 764 4086 eus
783 4032 833 4086 alle
851 4033 919 4097 dem,
939 4053 992 4088 was
1011 4034 1058 4088 der
1069 4036 1163 4090 Natur
1179 4041 1287 4108 gemtss
1306 4038 1353 4099 sei,
1374 4057 1404 4091 so

245 4104 325 4164 dass,
342 4119 420 4155 wenn
438 4103 520 4154 etwas
539 4049 624 4181 daran
642 4101 727 4166 fehle,
747 4100 833 4155 durch
851 4102 1070 4158 Hinzukommen
1088 4103 1224 4160 desselben
1243 4105 1292 4160 des
1310 4107 1404 4177 gliick·

246 4172 327 4240 selige
344 4169 436 4224 Leben
453 4168 633 4239 gliickselrger
650 4170 778 4240 gemacht
795 4170 900 4225 werden
917 4171 1015 4226 kdnne.
1034 4173 1085 4226 Die
1097 4174 1205 4228 Stoiker
1223 4173 1346 4245 dagegen
1366 4195 1404 4230 er·

245 4241 368 4302 kl'arten‚
396 4237 458 4291 dass
486 4238 575 4292 nichts
603 4256 696 4293 ausser
713 4239 760 4292 der
779 4236 819 4293 Tu
840 4239 891 4294 end
914 4241 966 4294 auf
988 4241 1032 4296 die
1051 4243 1330 4315 Vervcllstilndigung
1357 4245 1404 4299 des

246 4308 429 4378 gliickseligen
448 4306 552 4361 Lebens
571 4306 690 4362 llinfluss
709 4308 786 4362 habe.
849 4308 884 4379 gl.
903 4309 981 4363 Tusc,
1000 4310 1024 4362 V
1043 4315 1084 4372 16,
1103 4316 1144 4366 47.
