2942 4950
378 329 441 386 Ius.
459 330 493 384 V.
509 347 511 354 ¹
529 329 594 385 Car.
612 329 725 384 IXss-X.
762 333 790 396 ἐξ
809 334 920 385 25-21.
1162 333 1224 396 233

77 499 114 562 515
136 521 152 564 5
173 506 301 579 natura,
327 500 418 565 aliud
440 500 530 580 bovi,
555 499 646 565 aliud
668 500 806 580 homini,
831 507 999 565 ettamen
1021 501 1055 565 in
1071 503 1224 568 omnibus

76 625 193 667 summe
215 603 415 682 communis,
441 610 475 667 55
499 602 630 687 quidem
653 627 721 668 non
744 604 852 668 solum
874 603 908 667 in
931 603 1141 683 animalibus,
1166 605 1225 669 sed

77 705 163 768 etiam
186 704 220 768 in
242 706 341 770 rebus
364 704 517 772 omnibus
540 705 591 785 iis,
617 729 698 790 quas
722 713 840 770 natura
856 705 928 785 alit,
953 713 1066 790 auget,
1091 713 1223 771 tuetur:

75 807 104 870 in
124 806 240 891 quibus
263 807 414 872 videmus
431 829 479 889 ea,
503 830 585 891 quae
602 808 786 892 gignuntur
802 830 819 872 e
835 816 934 886 terra,
959 808 1066 873 multa
1082 809 1225 893 quodam

75 910 162 974 modo
185 910 316 975 efficere
338 909 411 995 ipsa
434 909 499 974 sibi
520 931 578 994 per
601 931 654 985 se,
689 933 772 995 quae
800 911 842 976 ad
869 911 1048 976 vivendum
1075 932 1224 976 crescen-

75 1011 208 1097 dumque
231 1014 376 1093 valeant‚
400 1021 440 1076 ut
462 1036 522 1077 suo
544 1035 666 1098 genere
689 1015 883 1098 perveniant
905 1015 947 1080 ad
969 1019 1162 1094 extremum,
1187 1022 1226 1079 ut

74 1114 132 1178 iam
152 1116 252 1180 liceat
274 1139 340 1180 una
369 1113 661 1200 comprehensione
692 1117 800 1181 omnia
830 1118 1007 1204 complecti
1035 1141 1107 1206 non
1129 1119 1224 1184 dubi-

73 1223 257 1303 tantemque
281 1217 405 1297 dicere,
436 1240 567 1282 omnem
594 1226 747 1283 naturam
771 1219 842 1284 esse
867 1221 1080 1286 servatricem
1103 1222 1154 1285 sui
1175 1221 1224 1285 id-

74 1343 129 1404 que
144 1321 265 1386 555555
281 1321 487 1407 propositum
504 1321 597 1405 quasi
613 1322 712 1385 finem
729 1328 763 1385 et
780 1329 975 1401 extremum,
1001 1345 1036 1388 se
1052 1331 1092 1389 ut
1114 1330 1224 1388 custo-

73 1423 137 1486 diat
159 1442 256 1508 quam
279 1423 314 1486 in
328 1423 454 1507 optimo
472 1423 523 1486 sui
538 1423 669 1508 generis
686 1430 788 1503 statu,
813 1429 851 1488 ut
867 1446 1003 1490 necesse
1020 1425 1064 1490 sit
1080 1427 1225 1491 omnium

71 1547 184 1605 rerum,
209 1547 292 1610 quae
308 1533 426 1590 natura
441 1526 588 1610 vigeant,
607 1525 748 1590 similem
764 1549 836 1591 esse
853 1527 963 1606 finem,
988 1550 1056 1591 non
1072 1529 1224 1593 eundem.

72 1627 120 1690 Ex
145 1650 207 1712 quo
237 1627 391 1710 intellegi
419 1627 520 1691 debet
546 1625 671 1718 homini
699 1626 733 1691 id
761 1649 832 1692 esse
865 1629 899 1692 in
930 1628 1027 1693 bonis
1059 1629 1224 1709 ultimum,

73 1728 246 1792 secundum
268 1735 421 1792 naturam
443 1722 565 1803 vivere,
590 1729 679 1812 quod
701 1729 749 1792 ita
768 1730 1034 1814 interpretemur,
1047 1726 1170 1795 'vivere
1187 1752 1227 1795 ex

72 1831 206 1895 hominis
223 1839 341 1896 natura
357 1831 502 1915 undique
518 1831 667 1916 perlecta
683 1840 717 1896 et
732 1832 815 1897 nihil
829 1834 1028 1916 requirente.
1055 1825 1225 1918 (271Η555

71 1935 168 2018 igitur
182 1933 279 1998 nobis
296 1934 492 2019 explicanda
507 1938 596 2012 sunt,
621 1935 680 1998 sed
696 1935 724 1998 si
740 1934 925 2014 enodatius,
950 1959 1010 1999 vos
1025 1936 1224 2020 ignoscetis3

71 2038 163 2101 huius
187 2037 275 2102 enim
297 2037 401 2101 aetati
423 2059 511 2102 nunc
534 2039 617 2102 haec
640 2037 782 2122 primum
804 2037 946 2102 fortasse
971 2038 1136 2103 audientis
1159 2060 1226 2103 ser-

70 2141 136 2206 vire
158 2141 328 2206 debemus.
374 2141 430 2204 Ita
452 2163 602 2226 prorsus,
633 2141 785 2225 inquam:
811 2141 876 2204 etsi
899 2163 937 2205 ea
961 2141 1108 2225 quidem,
1142 2165 1226 2225 quae

71 2245 173 2309 adhuc
205 2243 335 2324 dixisti,
369 2247 517 2329 quamvis
551 2244 592 2308 ad
624 2251 769 2309 aetatem
798 2250 887 2309 recte
916 2245 981 2309 isto
1010 2245 1109 2309 modo
1139 2245 1226 2309 dice-

69 2352 188 2412 rentur.

151 2451 195 2515 X.
234 2449 397 2534 Exposita
412 2449 526 2533 igitur,
551 2449 669 2533 inquit,
694 2448 927 2514 terminatione
944 2473 1053 2514 rerum
1069 2456 1226 2534 expeten·
1250 2513 1252 2517 ,

69 2552 191 2632 darum,
218 2573 275 2616 our
292 2552 357 2616 ista
380 2573 415 2615 se
438 2572 490 2616 res
513 2551 561 2616 ita
584 2553 721 2632 habeat,
746 2559 785 2616 ut
800 2553 887 2632 dixi,
913 2552 1068 2640 deinceps
1092 2554 1227 2617 demon·

135 2791 184 2846 26.
222 2791 268 2845 515
285 2809 299 2844 5
317 2793 441 2845 natura
460 2793 659 2913 ‘naturffiemdss
677 2791 733 2854 sei',
752 2809 773 2846 5.
795 2795 834 2856 17,
854 2796 887 2846 47
905 2791 978 2847 hunc
996 2794 1101 2846 statum
1120 2791 1168 2913 {ui
1186 2794 1228 2844 est

67 2861 339 2926 maximeenetura.
427 2857 553 2913 nondu
580 2858 731 2914 itantem
762 2878 800 2914 ue
819 2859 930 2915 dicere
948 2860 1013 2915 ‘und
1032 2861 1102 2915 ohne
1143 2859 1228 2916 weifel

68 2929 237 3000 behaupten’.
274 2947 311 2982 or.
329 2947 355 2998 p.
374 2928 433 2983 Mil.
453 2932 494 2992 25,
514 2931 546 2980 68
564 2944 598 2980 55
614 2928 668 2982 1555
685 2879 760 2982 haud
778 2927 910 2984 dubitans
927 2929 1052 2984 cessisset
1069 2929 1168 3001 patria.
1196 2927 1228 2981 de

68 2997 153 3052 divin.
169 2997 186 3051 I
203 3001 244 3061 55,
265 3001 313 3051 125
332 2997 399 3067 quin
417 2996 501 3052 etiam
519 2995 571 3049 hoc
590 3013 645 3049 non
663 2996 792 3050 dubitans
817 2997 939 3051 dixerim.
1078 3015 1176 3066 quam
1194 2997 1228 3050 in

68 3067 205 3138 optimu.
240 3065 329 3121 Ueber
347 3065 391 3120 die
409 3065 533 3133 Stollung
550 3083 604 3119 von
622 3083 704 3135 quam
734 3083 755 3118 s.
774 3083 809 3118 zu
826 3065 867 3118 IV
885 3069 909 3128 5,
930 3069 962 3118 13
981 3083 1116 3135 quamque
1133 3063 1167 3118 de
1184 3082 1228 3119 va-

67 3135 112 3189 riis
131 3133 220 3190 rebus.
290 3151 373 3204 quae
390 3138 519 3188 nature.
536 3133 678 3203 vigea-nt
696 3133 748 3188 ‘die
766 3133 809 3187 ein
827 3133 994 3188 natiirliohes
1011 3133 1104 3188 Leben
1121 3133 1227 3186 haben'.

67 3203 195 3275 Nigelsb.
215 3207 273 3258 111.
352 3202 442 3273 quod
460 3203 510 3256 ita
527 3200 810 3272 interpretemur.
846 3202 884 3256 115
902 3201 1024 3266 istklar,
1044 3201 1107 3255 dass
1126 3199 1181 3255 oio.
1199 3201 1229 3254 in

68 3271 153 3329 dieser
170 3272 331 3343 Auslegung
350 3270 448 3327 wieder
466 3270 528 3324 dem
545 3270 698 3324 Antiochus
717 3270 799 3340 folgt‚
818 3270 866 3325 der
883 3269 926 3324 die
945 3269 1062 3324 stoisohe
1079 3269 1229 3324 Definition

68 3341 112 3396 (155
141 3338 759 3411 1555155555(155555155555551555551551555
785 3357 820 3393 zu
846 3338 1000 3409 vereinigen
1027 3338 1130 3393 suchte.
1166 3337 1228 3408 Vgl.

67 3409 108 3464 (115
126 3409 244 3465 stoische
261 3409 379 3465 Ansiolrt
396 3409 442 3464 HI
460 3412 484 3472 9,
503 3411 544 3471 31,
563 3408 606 3463 (115
624 3407 832 3479 peripatetisohe
851 3408 984 3475 (Polemo)
1001 3407 1043 3460 IV
1061 3411 1085 3470 6,
1105 3410 1146 3460 14.
1170 3406 1227 3460 Das

68 3477 181 3534 hdchstc
198 3479 257 3534 (155
274 3477 342 3535 wird
360 3477 417 3532 also
435 3478 481 3533 fur
498 3476 551 3530 den
577 3477 725 3532 Menschen
753 3477 831 3532 darin
857 3476 1010 3548 gesunden‚
1039 3476 1085 3530 der
1111 3474 1229 3546 allseitig

68 3547 235 3604 vollsndeten
252 3547 486 3602 Mensohennatur
503 3549 610 3617 gemtus
628 3566 663 3601 zu
680 3546 763 3601 leben.

135 3617 182 3672 27.
219 3615 248 3671 51
266 3614 454 3671 enodatius
472 3615 555 3668 ndml.
574 3616 746 3685 explicavero.
793 3611 1063 3678 5515555511(
1083 3610 1227 3666 Ciceronis.

69 3687 131 3740 etsi
149 3684 224 3740 steht
241 3684 290 3740 wie
308 3702 474 3754 quamquem
492 3683 687 3754 berichtigend.
723 3703 746 3739 5.
764 3686 805 3748 10,
824 3687 866 3738 28.
885 3688 927 3746 11,
945 3685 986 3737 31.
1014 3685 1056 3745 21,
1074 3684 1116 3736 59.
1146 3697 1184 3734 or.
1202 3699 1227 3750 p.

50 3753 124 3809 'Mil
144 3758 169 3816 4,
189 3759 219 3807 11
239 3753 302 3808 Etsi
318 3752 504 3824 persapienter
522 3756 550 3806 et
567 3752 686 3834 quodam
704 3752 785 3807 modo
811 3751 895 3806 tacite
922 3751 971 3806 (155
997 3749 1038 3804 lex
1064 3751 1229 3830 potestatem

70 3821 237 3879 defendendi.
273 3823 306 3876 de
323 3839 379 3876 sen.
398 3826 423 3885 9,
441 3825 474 3875 29
492 3821 555 3876 Etsi
573 3825 627 3876 1sta
646 3821 706 3892 ipsa
725 3819 839 3875 defectio
858 3821 958 3874 virium
977 3819 1176 3874 adulescent1ae
1192 3836 1229 3871 vr·

70 3890 114 3946 tiis
132 3889 247 3948 efficitur
266 3890 373 3962 saepius
391 3909 474 3962 quam
492 3890 650 3945 senectutis.
669 3889 702 3944 de
720 3893 777 3944 nat.
797 3889 868 3944 deor.
886 3890 916 3944 Π
934 3893 1037 3952 51,129
1055 3887 1119 3942 Etsi
1135 3887 1229 3958 pisces,

69 3961 205 4025 5551555,
224 3978 275 4014 ova
293 3977 356 4014 oum
373 3963 534 4030 genuerunt,
552 3959 718 4029 relinquunt.
767 3958 980 4013 dicerentur:
1000 3957 1046 4012 der
1064 3955 1230 4026 Conjunctiv

70 4026 105 4082 ist
122 4029 226 4085 auffdll‘
253 4051 261 4095 ;
285 4027 421 4083 vielleioht
444 4028 573 4083 verstand
600 4028 643 4083 ein
661 4026 841 4082 Abschreiber
859 4025 984 4096 quamvis
1003 4025 1090 4102 falsclr
1108 4024 1165 4080 und
1183 4027 1229 4077 55-

71 4094 142 4153 dert'e
160 4099 213 4154 den
259 4097 370 4153 diuativ.

136 4185 255 4240 Weitere
271 4183 460 4254 Begn‘indung
479 4181 525 4236 des
544 4184 651 4237 Satzes:
682 4182 729 4236 der
746 4179 914 4236 Grundtrieb
928 4181 1005 4251 jedes
1023 4179 1152 4235 lebenden
1169 4174 1229 4230 We·

73 4265 130 4306 sens
147 4253 185 4308 ist
204 4252 370 4308 Selbstliebe.
406 4249 542 4322 (Caplo.
563 4253 615 4318 11.)
1151 4297 1155 4303 .

137 4321 307 4393 Exposita
325 4319 436 4390 igitur
453 4318 704 4374 terminatione
721 4335 833 4373 rerum
854 4347 882 4356 -
904 4315 1067 4386 deinceps
1094 4314 1229 4370 demon·
