3020 4948
397 313 461 370 Ius.
478 315 532 370 111.
568 313 633 368 Gur.
651 313 739 368 1-11.
775 315 803 380 ἐξ
823 318 901 368 6-6,
1168 315 1229 379 125

81 491 183 547 tumen
207 505 260 547 eas
284 507 346 562 res,
371 484 405 548 in
429 483 549 570 quibus
572 490 733 561 versatur,
759 482 946 548 nominibus
969 484 1100 547 notavit
1123 484 1229 548 novis.

83 586 147 650 (luo
169 587 276 670 magis
298 589 361 652 hoc
386 587 586 672 philosopho
610 586 799 653 iaciendum
822 594 889 652 est:
915 609 966 651 ars
988 594 1039 651 est
1056 587 1143 651 euim
1158 587 1231 671 phi·

82 689 220 774 losophia
243 689 352 769 vitae,
378 691 419 757 de
443 713 507 775 qua
530 689 695 757 disserens
719 689 984 774 arripere-verba
1007 691 1047 754 de
1070 689 1142 754 foro
1165 712 1232 756 non

81 798 192 874 potest.
249 789 293 876 (5)
327 793 536 878 Quamquam
560 815 602 858 ex
625 792 778 858 omnibus
801 793 1008 878 philosophis
1032 792 1137 858 Stoici
1159 793 1232 877 plu-

81 893 151 958 rima
173 901 400 975 roraverunt,
434 895 590 980 Zenoque
614 917 727 960 eorum
749 895 902 982 princeps
926 918 992 962 non
1023 901 1093 959 tam
1124 916 1232 960 rerum

82 995 222 1062 inventor
245 997 313 1062 fuit
336 1021 433 1084 quam
456 1000 632 1066 verborum
656 1019 828 1062 novorum.
875 997 975 1062 Quod
1003 996 1031 1061 si
1052 998 1086 1061 in
1110 1019 1148 1062 ea
1170 997 1233 1061 lin-

82 1119 146 1180 gua,
170 1121 271 1183 quam
295 1100 443 1186 plerique
467 1101 654 1166 uberiorem
670 1106 800 1186 putant,
826 1121 1021 1165 concessum
1036 1106 1087 1166 est
1102 1106 1141 1164 ut
1156 1100 1233 1164 doc-

82 1201 189 1268 tissimi
211 1203 364 1269 homines
397 1204 437 1270 de
468 1206 579 1270 rebus-
602 1227 666 1270 non
699 1203 891 1289 pervagatis
922 1203 1091 1268 inusitatis
1123 1203 1233 1267 verbis

84 1309 260 1374 uterentur:
303 1311 427 1391 quanto
450 1307 486 1372 id
509 1307 604 1372 nobis
627 1306 733 1390 magis
757 1313 809 1371 est
832 1307 1092 1384 concedendum,
1118 1305 1174 1390 qui
1197 1327 1235 1369 ea

85 1429 157 1472 runc
179 1409 324 1495 primum
347 1411 506 1477 audemus
530 1410 717 1494 attingere?
762 1409 808 1474 Et
836 1409 991 1494 quoniam
1009 1431 1119 1495 saepe
1153 1409 1234 1474 dixi-

30 1569 31 1572 ,
85 1529 155 1590 mus,
178 1518 212 1575 et
236 1511 372 1596 quidem
396 1533 472 1576 cum
495 1512 605 1597 aliqua
627 1511 762 1596 querela
792 1533 860 1576 nou
891 1511 1093 1576 Graecorum
1123 1511 1233 1589 mode,

85 1613 133 1676 sed
153 1635 266 1680 eorum
290 1615 404 1694 etiam,
429 1615 486 1699 qui
508 1637 544 1680 se
567 1616 714 1680 Graecos
738 1615 843 1700 magis
860 1637 959 1699 quam
973 1623 1105 1680 nostros
1121 1615 1236 1679 haberi

86 1715 203 1796 volunt,
227 1740 290 1783 uos
314 1740 381 1782 nou
404 1719 502 1783 modo
527 1741 593 1784 nou
616 1717 746 1782 vincia
770 1718 906 1782 Graecis
929 1719 1105 1783 verborum
1129 1717 1234 1801 copia,

86 1818 134 1882 sed
154 1840 225 1885 esse
248 1821 285 1886 in
308 1842 348 1886 ea
371 1821 474 1885 etiam
497 1820 693 1906 superiores,
718 1821 955 1886 elaborandum
971 1827 1022 1886 est
1037 1827 1076 1885 ut
1091 1823 1155 1884 hoc
1170 1841 1236 1884 nou

87 1918 250 1988 innostris
274 1924 385 1988 solum
408 1922 553 2002 artibus,
578 1924 637 1988 sed
660 1923 760 1988 ctiam
782 1923 817 1988 in
838 1923 972 1987 illorum
987 1924 1134 2007 ipsorum
1150 1944 1237 1986 asse·

88 2043 226 2104 quamur:
252 2049 455 2111 quamquam
479 2048 517 2091 ea
539 2025 651 2105 verba,
676 2025 796 2110 quibus
818 2024 975 2090 instituto
999 2030 1149 2090 veterum
1172 2025 1237 2087 uti-

88 2146 147 2191 mur
167 2151 224 2212 pro
247 2128 399 2207 Latinis,
425 2136 465 2194 ut
486 2128 558 2213 ipsa
580 2127 812 2212 philosophia,
837 2134 876 2191 ut
898 2126 1082 2204 rhetorica,
1116 2126 1237 2191 dialec-

87 2227 152 2310 tica,
174 2231 414 2315 grammatica,
440 2231 645 2316 geometria,
674 2230 811 2310 musica,
837 2251 1035 2314 quamquam
1057 2227 1178 2293 Latine
1201 2250 1240 2292 ee

89 2329 143 2396 dici
163 2340 331 2418 poterant,
354 2341 481 2415 tamen,
507 2334 663 2420 quoniam
684 2356 747 2398 usu
761 2339 920 2417 percepta
934 2339 1024 2411 sunt,
1048 2337 1163 2398 nostra
1178 2330 1237 2395 du-

88 2451 197 2501 camus.
242 2439 360 2522 Atque
392 2439 475 2503 haec
508 2434 641 2521 quidem
673 2435 714 2500 de
741 2454 852 2500 rerum
873 2433 1074 2499 nominibus.
1121 2434 1163 2518 (6)
1186 2431 1238 2496 De

88 2533 154 2618 ipsis
175 2541 278 2605 rebus
301 2547 412 2605 autem
436 2560 534 2624 saepe
557 2559 703 2616 numero,
728 2540 843 2617 Brute,
867 2557 983 2603 vereor
1004 2558 1047 2601 ne
1062 2539 1238 2622 reprehen-

90 2637 146 2718 dar,
169 2664 243 2708 cum
268 2644 351 2706 haec
375 2643 417 2706 ad
440 2645 475 2706 te
499 2640 660 2719 scribam,
695 2640 850 2725 quicum
876 2639 911 2704 in
934 2639 1145 2725 philosophia
1167 2643 1239 2704 tum

89 2737 116 2803 in
136 2744 259 2828 optimo
284 2763 406 2829 genere
429 2743 661 2830 philosophiae
684 2749 816 2808 tantum
831 2743 1043 2828 processeris.
1090 2741 1189 2806 Quod
1213 2742 1240 2804 si

90 2839 217 2911 iacerem
250 2847 347 2934 qussi
378 2853 412 2911 te
445 2844 617 2923 erudiens,
651 2845 720 2910 iure
744 2845 1019 2930 reprehenderer,
1053 2844 1112 2908 sed
1135 2845 1176 2909 ab
1201 2865 1238 2908 eo

90 2945 254 3026 plurimum
278 2950 394 3014 absum
417 2970 524 3033 neque
546 2956 586 3012 ut
609 2970 647 3012 ea
671 2969 865 3032 cognosces,
890 2969 973 3032 quae
989 2946 1052 3011 tibi
1067 2947 1240 3011 notissima

91 3057 166 3132 suut,
190 3053 232 3116 ad
255 3057 291 3116 te
313 3051 421 3130 mitto,
447 3051 506 3115 sed
529 3051 606 3134 quia
623 3049 778 3114 facillime
793 3049 828 3114 iu
844 3050 975 3115 nomine
992 3059 1050 3112 tuo
1067 3049 1239 3133 acquiesco

91 3284 171 3344 ficiert.
205 3294 235 3348 11
256 3298 297 3357 15,
316 3297 348 3346 48
367 3296 400 3347 ut
417 3292 490 3346 enim
508 3289 676 3347 cousuetudo
693 3287 823 3358 loquitur.
841 3287 887 3340 III
906 3291 929 3349 4,
950 3289 981 3339 15
998 3303 1077 3366 puae·
1089 3303 1162 3340 nunc
1180 3303 1240 3339 con·

90 3360 193 3475 puetudo
211 3362 345 3418 diuturna
362 3360 451 3418 trivit.
555 3377 607 3413 ars
625 3361 677 3412 est
695 3357 787 3412 enim
804 3355 1029 3426 philosophie
1046 3357 1140 3407 vitae
1168 3372 1188 3408 s.
1207 3374 1241 3408 zu

151 3495 180 3550 5.
215 3500 303 3555 Zeno
322 3517 343 3552 a.
362 3517 397 3554 zu
413 3497 487 3560 116,
507 3501 547 3550 17.
583 3495 639 3550 Cio.
663 3492 785 3550 referiert
812 3493 855 3547 ein
881 3491 989 3546 Urtheil
1015 3490 1061 3545 des
1079 3491 1240 3545 Antiochus.

94 3559 160 3618 Ture.
178 3567 305 3632 V12,34
322 3569 409 3622 neunt
426 3585 455 3620 er
473 3566 521 3620 ihn
540 3564 646 3620 advena
664 3562 776 3634 quidam
794 3565 821 3616 et
838 3560 967 3632 ignobilis
985 3559 1128 3616 verborum
1146 3579 1161 3614 o
1181 3558 1241 3613 ifex.

93 3626 175 3692 Quod
193 3637 224 3691 si
242 3659 289 3689 -ι
308 3639 437 3707 quanto
455 3634 489 3689 id
509 3634 609 3690 uobis
626 3632 737 3703 magis
755 3634 808 3684 est
825 3629 1077 3684 concedendum
1096 3633 1147 3683 -l
1190 3628 1242 3684 ben

95 3715 119 3751 so
135 3704 205 3759 steht
221 3708 237 3760 I
256 3711 298 3768 18,
317 3710 349 3759 59
368 3703 441 3776 quod
460 3703 484 3757 si
503 3725 549 3754 -r
586 3705 672 3757 uento
684 3700 774 3771 magis
786 3699 872 3754 animi
883 3697 986 3754 morbis
998 3697 1124 3770 impediri
1135 3715 1242 3754 necesso

95 3771 139 3822 est!
224 3791 322 3846 saepe
340 3774 498 3828 diximus.
535 3773 560 3826 V
615 3772 673 3833 13,
694 3774 726 3824 10
744 3785 822 3839 saepe
839 3767 956 3824 disserui
972 3767 1103 3823 Latinam
1120 3768 1243 3840 linguam

95 3852 142 3892 uon
157 3842 236 3900 modo
254 3859 311 3898 uon
327 3843 435 3913 inopem
455 3872 496 3905 -,
515 3842 563 3896 sed
581 3839 783 3910 locupletiorem
808 3837 891 3893 etiam
918 3854 976 3892 esse
1019 3855 1083 3892 uam
1101 3837 1241 3893 Graecam.

96 3911 243 3973 quoniam
261 3931 323 3966 usu
340 3913 502 3982 percepta
520 3912 601 3964 sunt
619 3909 686 3964 ‘weil
703 3908 743 3962 sie
760 3907 790 3961 in
807 3924 908 3961 unsern
926 3907 1009 3978 Sprec
1050 3906 1168 3962 ebrauch
1187 3906 1242 3959 auf-

96 3989 244 4040 genommen
263 3980 343 4036 siud'.
379 3979 412 4034 de
429 3982 487 4034 nat.
505 3978 578 4033 deor.
596 3979 626 4032 H
644 3982 685 4041 36,
696 3981 727 4030 91
747 3994 805 4038 aer,
823 3975 957 4031 Graecum
975 3925 1049 4030 illud
1061 3975 1178 4044 quidem,
1198 3975 1243 4028 sed

96 4057 163 4110 ime
181 4052 241 4104 tum
259 4049 314 4104 iam
332 4052 426 4104 tamen
443 4067 496 4102 usu
514 4067 530 4102 a
548 4047 656 4102 uostris.
904 4101 906 4110 ,

157 4066 186 4171 d.
222 4119 260 4172 de
278 4125 341 4173 ‘was
359 4117 481 4172 betrifft'.
518 4117 546 4170 S.
565 4117 649 4170 Halm
667 4135 716 4170 zur
733 4132 771 4168 or.
791 4113 824 4168 de
840 4114 906 4184 imp.
924 4113 1019 4183 Pomp.
1039 4117 1063 4173 4,
1083 4117 1125 4165 11.
1211 4111 1243 4162 iu

98 4177 318 4258 philosophia.
336 4186 425 4241 Ueber
442 4184 489 4240 des
507 4186 611 4239 Brutus
630 4183 893 4239 schriftstellcrische
910 4182 1078 4251 Leistuugsu
1097 4199 1117 4234 s.
1136 4199 1170 4259 zu
1187 4178 1202 4232 I
1220 4183 1242 4239 3,

99 4249 120 4298 ⁸·
183 4254 217 4310 iu
233 4257 364 4327 optimo
382 4272 504 4326 genere
523 4257 658 4308 tautum
675 4252 899 4324 processeris:
924 4251 965 4305 IV
982 4253 1023 4313 23,
1043 4255 1076 4302 64
1093 4248 1163 4302 nihil
1181 4264 1244 4317 ergo

99 4316 203 4376 adjuvat
219 4323 359 4395 procedere
377 4329 404 4378 et
422 4321 551 4395 progredi
568 4323 597 4376 in
614 4323 724 4377 virtute.
760 4327 801 4384 24,
821 4325 853 4374 65
872 4321 900 4373 in
918 4319 1017 4388 quibus
1035 4317 1160 4387 quamvis
1178 4317 1244 4370 mul·
