3024 4938
227 313 267 376 36
460 308 509 362 Dll
527 305 679 362 FINIBUS
697 302 883 359 BONORUM
901 303 947 358 ΕΤ
966 301 1156 358 MALORUM
1193 367 1194 370 Ἴ

226 482 358 565 tiusque
382 479 575 556 inflammet,
600 487 638 540 ut
662 475 836 540 coercendi
858 473 964 558 magis
988 497 1087 558 quam
1109 473 1294 538 dedocendi
1317 495 1388 538 esse

227 584 413 648 videantur.
461 579 525 666 (52)
554 580 684 644 Invitat
706 579 810 663 igitur
832 599 909 642 vera
931 578 1016 643 ratio
1040 577 1125 642 bene
1149 599 1246 640 sanos
1276 577 1317 640 ad
1340 576 1390 640 in·

228 685 366 764 stitiam,
391 683 606 767 aequitatem,
631 682 743 746 fidem.
789 681 908 764 Neque
938 680 1063 744 homiui
1090 679 1212 746 infanti
1243 687 1300 743 aut
1328 679 1390 742 im-

227 787 362 873 potenti
383 786 505 852 iniuete
530 785 620 850 lacta
643 785 850 863 conducunt,
880 784 936 867 qui
958 805 1019 872 nec
1042 783 1140 848 facile
1165 785 1291 848 efficere
1314 806 1390 866 pos-

229 891 284 971 sit,
309 891 397 975 quod
422 898 571 967 conetur,
595 910 656 953 nec
681 887 842 965 obtinere,
867 887 896 950 si
920 887 1076 965 effecerit,
1102 895 1136 950 et
1159 908 1238 972 opes
1254 887 1308 950 vel
1324 885 1391 950 for-

228 1002 330 1058 tunae
363 994 417 1057 vel
455 991 581 1075 ingenii
611 990 808 1055 liberalitati
846 989 951 1074 magis
985 989 1207 1068 conveniunt,
1239 1013 1303 1073 qua
1336 990 1392 1072 qui

229 1103 379 1173 utuntur,
405 1093 673 1160 benevolentiam
696 1093 760 1157 eibi
784 1092 963 1156 concilient
986 1103 1039 1170 et,
1071 1092 1159 1176 quod
1182 1092 1392 1176 aptissimum

230 1205 282 1263 eet
305 1197 346 1262 ad
369 1196 481 1280 quiete
504 1195 702 1274 vivendum,
728 1196 916 1273 caritatem,
940 1195 1136 1278 praesertim
1160 1217 1234 1259 cum
1257 1195 1391 1259 omnino

228 1301 322 1365 nulla
345 1300 390 1363 sit
413 1321 511 1364 cause
534 1298 704 1384 peccandi.
751 1297 817 1382 (53)
841 1299 935 1364 Quae
959 1299 1047 1362 enim
1071 1295 1269 1382 cupiditates
1293 1321 1312 1362 a
1335 1321 1392 1361 na-

229 1411 306 1466 tura
328 1401 600 1484 proficiscuntur,
631 1401 727 1466 facile
752 1402 928 1486 explentur
951 1402 1021 1466 sine
1044 1402 1112 1465 ulla
1135 1400 1269 1466 iniuriat
1309 1424 1393 1484 quae

230 1513 343 1567 autem
357 1503 472 1568 inanes
497 1512 586 1583 sunt,
610 1504 650 1567 iis
674 1505 854 1588 parendum
878 1513 1031 1569 nonest.
1077 1503 1172 1568 Nihil
1196 1503 1283 1568 enim
1307 1504 1393 1568 desi·

230 1605 376 1672 derabile
393 1607 643 1690 concupiscunt,
668 1607 809 1691 plusque
833 1607 867 1671 in
890 1608 963 1692 ipsa
984 1607 1102 1674 iniuria
1126 1607 1319 1674 detrimenti
1342 1611 1395 1670 eet

232 1732 331 1794 quam
353 1709 450 1774 iniis
474 1710 573 1774 rebus
597 1710 823 1788 emolumenti,
850 1733 932 1794 quae
955 1711 1128 1796 pariuntur
1150 1709 1276 1776 iniuria.
1324 1711 1393 1774 Ita-

232 1833 295 1895 que
319 1833 360 1876 ne
391 1812 555 1876 iustitiam
588 1812 721 1896 quidem
752 1819 842 1876 recte
875 1814 947 1896 quis
980 1813 1101 1877 dixerit
1132 1835 1190 1898 per
1222 1835 1256 1878 ee
1288 1812 1394 1897 ipsam

233 1914 426 1999 optabilem,
451 1916 510 1979 sed
534 1915 610 1998 quia
633 1914 850 1980 iucunditatis
874 1917 928 1981 vel
950 1916 1126 1999 plurimum
1151 1918 1277 1980 afferat.
1306 1917 1395 1978 Nam

232 2017 330 2100 diligi
352 2025 387 2081 et
410 2039 523 2082 earum
546 2039 617 2082 esse
640 2019 819 2083 iucundum
844 2028 896 2083 est
918 2028 1118 2110 propterea,¹
1137 2019 1213 2103 quia
1235 2019 1396 2084 tutiorem

232 2119 396 2184 vitamet
425 2122 635 2206 voluptatem
664 2123 847 2206 pleniorem
875 2121 986 2186 efficit.
1033 2123 1152 2206 Itaque
1184 2145 1250 2186 non
1282 2123 1324 2186 cb
1358 2143 1396 2185 ea

233 2224 340 2287 solum
364 2224 590 2301 incommoda,
620 2245 703 2306 quae
728 2224 884 2288 eveniunt
911 2224 1084 2310 improbie,
1119 2225 1312 2308 fugiendam
1335 2225 1396 2288 im·

232 2325 435 2408 probitatem
450 2333 618 2410 putemne,
644 2326 702 2390 sed
726 2328 832 2390 multo
858 2327 957 2391 etiam
980 2318 1097 2412 magis,
1123 2328 1221 2412 quod,
1248 2328 1339 2391 cuius
1362 2328 1397 2390 in

232 2427 341 2492 animo
364 2436 532 2506 vereatur,
557 2451 724 2510 nunquam
749 2429 829 2493 sinit
853 2452 927 2494 eum
949 2432 1126 2514 respirare,
1151 2453 1319 2514 nunquam
1343 2453 1398 2494 ac-

234 2529 415 2612 quiescere.

320 2629 387 2716 (54)
412 2632 562 2697 Quodsi
585 2654 626 2696 ue
649 2633 795 2718 ipserum
819 2635 950 2718 quidem
975 2637 1136 2702 virtutum
1158 2639 1246 2716 leuc,
1276 2638 1308 2700 in
1332 2661 1399 2721 qua

233 2734 375 2799 maxime
407 2741 592 2799 ceterorum
619 2737 894 2822 philosophorum
923 2741 1072 2804 exsultat
1101 2740 1224 2820 oratio,
1254 2741 1399 2826 reperire

235 2838 361 2901 exitum
378 2844 500 2920 potest,
525 2838 590 2902 nisi
613 2839 777 2924 dirigatur
798 2841 840 2905 ad
862 2844 1083 2927 voluptatem,
1108 2845 1263 2929 voluptas
1286 2851 1398 2908 eutem

234 2946 286 3002 est
309 2941 391 3018 sola,
417 2963 499 3024 quee
522 2965 582 3007 nos
606 2951 705 3007 vocet
728 2945 769 3008 ad
793 2967 827 3008 se
852 2952 886 3009 et
902 2945 1029 3009 alliciat
1044 2953 1162 3030 suapte
1178 2954 1306 3026 natura,
1330 2970 1399 3010 non

234 3048 443 3124 potestesse
468 3043 626 3124 dubium,
658 3046 736 3130 quin
759 3047 793 3111 id
821 3048 865 3111 sit
893 3033 1057 3112 summum
1084 3056 1184 3132 atque
1213 3056 1398 3114 extremum

235 3147 396 3209 bonorum
420 3147 565 3211 omnium
598 3148 762 3234 beateque
791 3150 900 3216 vivere
930 3151 1013 3214 nihil
1041 3151 1130 3216 aliud
1160 3153 1203 3216 sit
1230 3152 1294 3216 nisi
1320 3175 1398 3216 cum

236 3248 409 3333 voluptate
433 3249 555 3314 vivere.

234 3404 305 3456 setae
323 3403 380 3457 und
399 3403 451 3457 den
468 3404 543 3458 Hass
562 3405 649 3458 eeiner
666 3405 824 3474 Mitbiirger
841 3407 973 3461 erinnem.
1055 3409 1173 3479 potius
1202 3429 1243 3465 ue
1261 3409 1400 3472 inflam-

234 3476 312 3524 mat.
338 3470 559 3541 Daquewiec.
580 3472 1172 3544 1141100110111030110101101101110
1232 3479 1274 3533 aft
1291 3479 1348 3542 hut,
1367 3498 1400 3532 so

235 3537 273 3593 ist
290 3538 335 3594 die
352 3539 520 3610 Aenderung
538 3540 568 3594 in
586 3541 633 3593 sed
649 3541 742 3609 ¹potine
761 3543 908 3614 unnbthig.
929 3545 1013 3600 Uebri
1034 3565 1080 3601 ene
1099 3547 1224 3602 scheinen
1242 3547 1286 3602 die
1304 3547 1401 3602 Worte

233 3625 288 3728 yffi
306 3607 392 3729 einerrfir
410 3607 554 3662 Glosaator
570 3607 763 3664 herzuriihren.
798 3609 850 3666 Die
868 3612 962 3667 beeten
980 3563 1098 3670 Hischr.
1117 3615 1207 3670 bieteu
1230 3635 1282 3670 nur
1305 3616 1401 3687 potius

235 3693 246 3728 1
285 3693 398 3729 amma.

304 3741 355 3797 ta.
380 3743 521 3822 'homini
539 3743 673 3799 infanti
691 3745 750 3800 a'ut
769 3747 972 3819 impotenti,
1000 3751 1061 3807 dem
1088 3753 1132 3808 die
1148 3753 1258 3810 Waffen
1284 3753 1332 3808 der
1349 3753 1401 3808 Be-

234 3809 402 3866 redsamkert
414 3810 471 3864 und
484 3811 527 3866 die
539 3812 633 3867 Mittel
649 3833 698 3868 zur
710 3815 929 3890 Vertheidigung
947 3820 1032 3875 seiner
1045 3821 1289 3892 Hundlungsweiee
1302 3822 1401 3878 fehlen.

305 3878 355 3934 53.
392 3877 480 3944 Quae
498 3881 585 3935 enim
609 3883 826 3954 cupiditates
850 3892 899 3942 etc.
938 3889 1040 3960 Epicur
1063 3890 1106 3945 bei
1124 3891 1200 3946 Stob.
1219 3891 1297 3946 floril.
1315 3891 1403 3947 XVII

236 3951 268 4000 ab
291 3947 331 4004 Οὐ
351 3949 406 4024 γὰρ
425 3949 441 4033 ἦ
461 3954 510 4021 τῆς
529 3950 647 4020 φύσεως
664 3953 752 4026 ἡδονὴ
772 3957 821 4026 τὴν
841 3955 954 4014 ἀδικίαν
973 3969 1055 4015 ποιεῖ
1072 3963 1197 4025 ἔξωθεν,
1218 3959 1274 4014 ἀλλ’
1296 3961 1312 4032 ἡ
1332 3968 1402 4036 περὶ

234 4018 285 4080 τὰς
303 4018 389 4081 κενὰς
407 4017 499 4082 deduc
517 4018 622 4094 ὄρεξις.

305 4085 356 4139 54.
382 4086 535 4142 exsultat
553 4091 667 4145 oratio
686 4092 791 4163 ‘ergeht
810 4093 885 4156 eich',
904 4113 941 4149 or.
960 4095 990 4150 in
1008 4097 1068 4151 cae.
1087 4099 1116 4151 ll
1135 4102 1159 4160 2,
1179 4102 1194 4152 3
1213 4097 1242 4152 in
1260 4098 1311 4152 hoc
1330 4099 1400 4169 ipso,

235 4153 265 4207 in
283 4172 336 4224 quo
355 4153 473 4236 ersultat
491 4160 518 4211 et
536 4157 690 4230 triumphet
708 4161 796 4216 oratio
815 4181 881 4216 mea.
909 4165 993 4219 Acad,
1011 4167 1042 4221 Π
1060 4170 1101 4228 35,
1123 4171 1171 4220 112
1190 4186 1253 4222 cum
1271 4167 1308 4222 sit
1326 4167 1402 4223 enim

236 4239 360 4305 campus,¹
376 4243 405 4306 in
423 4243 476 4294 quo
495 4226 628 4282 exsultare
645 4230 733 4300 possit
751 4231 847 4286 oratio.
873 4232 935 4302 Vgl.
953 4235 1023 4289 oben
1040 4254 1074 4289 zu
1092 4254 1115 4290 c.
1135 4239 1175 4299 10,
1194 4239 1227 4290 36
1245 4236 1275 4290 in
1293 4256 1347 4306 quo
1369 4270 1400 4278 —

236 4297 376 4348 consuent
394 4297 495 4350 iactare
514 4298 648 4352 secretio
667 4305 766 4354 vestra.
863 4303 1012 4371 reperire
1029 4307 1148 4374 potest
1165 4305 1294 4360 exitum
1313 4307 1402 4362 ‘einen
