2942 4950
336 368 398 424 Lm.
416 367 465 422 IV.
502 367 567 422 Car.
585 367 804 421 XXIV-XXV.
842 370 870 434 ἐξ
889 372 999 424 (td-68.
1185 375 1247 438 209

9 543 10 570 ³
85 537 190 622 cupit.
236 538 374 603 Levatio
398 536 501 622 igitur
523 537 681 603 vitiorum
701 561 822 621 magna
844 539 884 602 fit
906 539 958 619 iis,
985 540 1041 625 qui
1056 541 1183 607 habent
1205 543 1247 606 ad

84 640 246 706 virtutem
269 640 509 727 progressionis
533 641 751 724 aliquantum.
799 639 862 725 (67)
894 641 1007 707 Vestri
1030 650 1142 709 autem
1173 668 1246 729 pro·

84 743 293 825 gressionem
315 744 357 808 ad
380 743 541 807 virtutem
562 743 635 807 fieri
657 744 761 822 aiunt,
786 742 988 808 levationem
1004 744 1161 810 vitiorum
1177 747 1248 811 fieri

82 852 224 929 negant.
271 847 330 924 At,
356 867 419 929 quo
444 851 582 910 utantur
604 844 754 909 homines
778 845 869 910 acuti
890 853 1084 930 argumento
1109 847 1150 912 ad
1173 871 1247 932 pro-

82 945 253 1025 bandum,
287 967 404 1031 operae
436 945 581 1030 pretium
604 954 655 1011 est
679 945 899 1012 considerare.
946 947 1104 1027 Quarum,
1129 949 1246 1033 inquit,

81 1047 207 1112 artium
230 1071 377 1115 summae
402 1071 548 1114 erescere
572 1057 725 1135 possunt,
751 1070 864 1114 earum
887 1050 988 1115 etiam
1011 1051 1248 1117 contrariorum

81 1171 215 1214 summa
236 1151 360 1235 poterit
384 1151 513 1236 augeri:
554 1152 596 1216 ad
614 1151 748 1217 virtutis
772 1159 885 1217 autem
907 1175 1068 1218 summam
1091 1155 1247 1219 accedere

81 1252 169 1316 nihil
192 1260 322 1338 potest:
348 1253 493 1318 novitia
517 1254 651 1338 quidem
672 1253 776 1338 igitur
800 1275 947 1318 crescere
970 1261 1139 1338 poterunt,
1165 1279 1247 1340 quae

79 1361 165 1418 sunt
186 1354 350 1419 virtutum
374 1355 548 1421 contraria.
595 1355 717 1419 Utrum
739 1355 843 1439 igitur
865 1355 1002 1420 tandem
1024 1357 1247 1442 perspicuisne

79 1455 186 1522 dubia
210 1457 401 1542 aperiuntur
424 1481 466 1523 an
489 1457 598 1522 dubiis
621 1457 795 1543 perspicua
816 1458 1004 1525 tolluntur?
1051 1460 1155 1544 Atqui
1184 1463 1247 1524 hoc

80 1559 296 1644 perspicuum
319 1567 389 1638 est,
423 1559 505 1624 vitia
527 1559 591 1623 alia
615 1559 687 1624 aliis
712 1581 783 1624 esse
806 1558 945 1625 maiora:
985 1561 1071 1625 illud
1098 1562 1246 1642 dubium,

80 1661 194 1740 adid,
220 1662 309 1745 quod
332 1683 497 1726 summum
520 1663 644 1726 bonum
668 1661 798 1741 dicitis,
824 1683 1026 1748 ecquaenam
1048 1664 1119 1728 fieri
1142 1665 1248 1750 possit

79 1763 242 1828 accessio.
289 1764 357 1828 Vos
389 1770 501 1829 autem
532 1786 607 1827 cum
637 1763 818 1850 perspicuis
849 1763 951 1830 dubia
983 1765 1132 1830 debeatis
1170 1767 1247 1831 illu-

78 1871 201 1944 strare,
227 1865 335 1934 dubiis
351 1867 525 1951 perspicua
548 1866 712 1950 conamini
735 1867 866 1930 tollere.
900 1867 966 1951 (68)
989 1868 1108 1951 Itaque
1133 1870 1249 1934 eadem

79 1968 224 2047 ratione,
251 1992 315 2053 qua
331 1993 404 2034 sum
427 1970 525 2055 paulo
550 1977 628 2034 ante
652 1993 742 2050 usus,
767 1969 958 2034 haerebitis.
991 1955 1043 2034 'Si
1065 1971 1150 2034 enim
1173 1994 1247 2055 pro-

79 2059 200 2158 pte'rea
222 2071 304 2135 vitia
327 2071 392 2136 alia
414 2071 487 2136 aliis
510 2072 634 2136 maiora
664 2094 731 2136 non
763 2078 861 2150 sunt,
895 2071 971 2155 quia
1002 2094 1043 2136 ne
1075 2073 1116 2137 ad
1149 2073 1249 2138 finem

79 2175 221 2260 quidem
242 2176 405 2240 bonorum
428 2198 523 2249 eum,
559 2198 657 2260 quem
679 2197 738 2238 vos
762 2174 891 2254 facitis,
926 2173 1103 2258 quicquam
1134 2183 1248 2259 potest

79 2279 264 2358 accedere,
299 2279 455 2363 quoniam
479 2277 688 2363 perspicuum
712 2282 764 2341 est
787 2276 868 2342 vitia
899 2300 964 2342 non
997 2298 1068 2340 esse
1101 2277 1248 2342 omnium

78 2382 195 2468 paria,
228 2382 303 2446 finis
328 2382 489 2446 bonorum
510 2380 606 2445 vobis
629 2379 808 2444 mutandus
833 2386 896 2444 est.
943 2380 1126 2444 Teneamus
1160 2380 1248 2445 enim

78 2485 170 2548 illud
192 2506 328 2550 necesso
352 2491 414 2564 est,
440 2506 515 2548 eum
539 2503 743 2567 consequens
767 2482 902 2568 aliquod
925 2482 1047 2548 falsum
1069 2483 1124 2563 sit,
1149 2483 1245 2563 illud,

80 2589 178 2653 cuius
201 2588 237 2653 id
260 2609 465 2672 consequens
490 2587 545 2666 sit,
569 2609 636 2650 non
659 2607 756 2671 posse
781 2607 852 2650 esse
876 2607 1001 2650 verum.

170 2691 281 2755 XXV.
314 2691 407 2756 Quae
429 2696 481 2754 est
497 2689 599 2772 igitur
615 2709 713 2752 causa
728 2687 868 2751 istarum
883 2688 1135 2772 angustiarum?
1166 2688 1246 2753 Glo-

77 2793 170 2857 riosa
198 2792 379 2857 ostentatio
408 2792 442 2855 in
470 2789 705 2854 constituendo
734 2813 861 2853 summo
891 2791 991 2855 bono.
1039 2791 1124 2854 Cum
1147 2791 1245 2869 enim,

79 2895 174 2979 quod
189 2896 369 2962 honestum
383 2894 438 2974 sit,
462 2894 498 2957 id
514 2893 762 2958 solumbonum
778 2915 850 2958 esse
868 2895 1091 2974 confirmatur,
1116 2894 1247 2959 tollitur
1282 2931 1283 2936 ι

79 3021 162 3062 cura
185 2997 408 3076 valetudinis,
442 2995 618 3079 diligentia
639 2993 688 3059 rei
710 2994 900 3073 familiaris,
935 2995 1177 3060 administratio
1199 2996 1249 3061 rei

77 3173 166 3242 peret.
262 3168 405 3222 Levatio
422 3167 587 3222 vitiorum
605 3164 663 3218 ‘das
681 3163 891 3218 Befreitwerden
908 3182 962 3217 von
979 3164 1098 3220 Uebeln'.
1135 3167 1163 3220 S.
1181 3167 1247 3221 auI

79 3243 124 3302 ll,
143 3241 200 3360 36⁷5.
237 3304 354 3375 inquit
372 3304 454 3358 ndml.
473 3301 580 3372 aliquis.
616 3301 642 3354 S.
662 3319 696 3355 zu
714 3300 745 3354 Π
762 3304 803 3364 28,
823 3303 865 3352 93.
935 3300 1064 3354 artium
1082 3317 1244 3356 summae:

78 3375 125 3429 die
144 3373 254 3430 Stoiker
271 3373 416 3428 reohneten
433 3372 505 3427 dazu
522 3370 592 3426 auch
610 3368 654 3423 die
672 3369 695 3422 Τ
735 3368 828 3427 endan.
899 3367 1020 3422 Utrum
1038 3367 1151 3438 igitur
1169 3373 1244 3424 tan·

79 3445 167 3499 dem.
202 3441 292 3498 Ueber
308 3445 403 3496 utrum
423 3473 452 3482 -
472 3458 505 3494 ne
524 3470 556 3479 -
575 3457 610 3492 an
628 3457 649 3492 s.
668 3457 703 3492 zu
770 3441 809 3502 19,
828 3441 870 3489 60.

152 3511 205 3566 68.
240 3513 364 3592 Itaque
387 3510 500 3564 eadem
527 3507 670 3561 ratione.
707 3505 891 3587 Diemeistea
908 3504 1027 3559 Hdachr.
1046 3504 1135 3559 haben
1153 3506 1246 3629 itapue

79 3600 149 3637 usus
168 3579 262 3636 eadem
279 3581 395 3634 ratione.
430 3577 511 3632 Naoh
528 3577 703 3630 Lachmanns
719 3574 883 3629 scharfsmm
904 3592 932 3628 er
949 3573 1130 3696 Bemorlrupffi>
1139 3593 1173 3628 au
1216 3594 1244 3628 u·

80 3669 141 3705 orez
169 3650 196 3704 S.
216 3654 267 3702 144
283 3648 322 3702 ist
339 3665 419 3702 rusus
442 3667 467 3692 =-·
488 3663 583 3699 rursus
601 3663 636 3699 au
652 3644 734 3699 lesen.
769 3643 860 3698 Dafiir
896 3642 969 3698 uae
986 3660 1077 3712 manJ
1131 3642 1165 3696 ch
1183 3643 1245 3698 aher

78 3721 185 3774 iterum
202 3720 342 3772 erwartsn.
377 3715 491 3784 Madvig
509 3714 629 3767 entfernt
647 3712 731 3766 daher
748 3711 796 3766 das
815 3710 925 3765 hdsohr.
943 3729 1026 3774 usus,
1054 3710 1114 3766 weil
1140 3729 1168 3765 es
1195 3731 1245 3767 aus

80 3788 144 3842 dem
164 3785 309 3855 folgenden
326 3784 495 3840 Relativsatz
514 3782 600 3837 durch
617 3782 755 3836 Versehen
773 3780 1050 3850 heriibergenommen
1068 3780 1115 3834 sei.
1151 3781 1245 3836 Baiter

80 3857 132 3911 hat
149 3855 274 3926 dagegen
291 3854 322 3908 in
340 3854 387 3908 der
405 3851 588 3907 Tauchnitzer
605 3850 733 3921 Ausgabe
751 3867 845 3904 rursus
863 3849 1080 3920 aufgenommen.
1143 3851 1244 3920 paulo

79 3929 162 3980 ante
180 3943 203 3978 o.
223 3929 264 3988 19,
283 3927 324 3977 54.
344 3928 385 3977 55.

150 4011 208 4065 Der
225 4009 330 4079 einzige
349 4007 445 4063 Grund
464 4006 511 4060 der
528 4005 770 4076 Verlegenheiten‚
798 4004 827 4057 in
854 4001 940 4057 denen
967 4002 1026 4057 sich
1053 4002 1097 4057 die
1124 4004 1244 4058 stoische

79 4081 171 4136 Lehre
183 4079 311 4141 befindet,
330 4077 368 4132 ist
382 4077 445 4146 jone
462 4074 646 4146 prunlrsiichti
666 4073 832 4128 ePrahlerei
850 4072 893 4126 bei
905 4071 1080 4141 Aufstellung
1098 4070 1143 4126 des
1162 4073 1244 4127 hdch·

80 4154 143 4204 sten
161 4148 258 4204 Gutes.
294 4148 373 4202 Denn
391 4163 468 4200 wenn
486 4142 535 4198 das
554 4094 731 4214 Sittucigute
749 4141 828 4196 allein
846 4141 886 4194 als
909 4139 1080 4221 das-einzige
1097 4141 1155 4195 eut
1181 4141 1243 4194 fest·

80 4221 188 4289 gesetzt
207 4216 283 4280 wird,
302 4234 331 4270 so
349 4215 456 4270 werden
474 4213 525 4268 alle
537 4211 673 4266 Pflichten
691 4211 747 4265 und
765 4210 815 4264 alle
826 4209 988 4280 Thdtigkat
1005 4209 1051 4263 des
1063 4208 1167 4262 Lebens
1186 4209 1244 4262 auf·

101 4287 214 4342 ehoben.
252 4285 305 4340 Um
324 4285 382 4339 sich
400 4301 458 4338 nun
477 4301 525 4336 aus
545 4280 637 4336 diesen
654 4279 879 4350 Verlegenheiten
896 4277 1150 4338 herauszuwickdn
1171 4277 1244 4331 nieht

79 4305 155 4411 {eno
174 4354 219 4409 die
236 4353 334 4408 vorher
352 4353 394 4408 bei
414 4351 487 4406 Seite
505 4353 644 4420 gesetzten
662 4349 752 4419 Dinge
770 4347 866 4402 wieder
883 4347 969 4403 heran
987 4346 1044 4400 und
1063 4348 1137 4414 sagt,
1157 4345 1244 4416 einigo

124 4441 267 4489 notatam,
288 4439 333 4480 Cic.
348 4440 425 4480 defin.
998 4435 1030 4483 14
