2974 4950
262 317 326 380 248
500 311 550 368 on
567 311 718 366 ammos
737 309 921 366 Bonosum
939 267 986 365 nr
1004 309 1195 366 ιιιιοιιιιιι

260 485 367 570 poris,
401 483 481 567 quid
513 487 563 546 est
595 503 652 546 our
675 481 956 566 pulchritudinem
980 503 1045 546 non
1070 486 1267 565 sequamur?
1312 482 1408 563 Atque

262 586 361 652 etiam
392 584 633 659 valetudinem,
667 585 768 663 vires,
802 584 1003 648 vacuitatem
1035 582 1160 649 doloris
1193 605 1262 648 non
1292 587 1409 667 propter

263 688 445 754 utilitatem
478 687 606 763 solum,
639 685 699 750 aed
731 685 829 749 etiam
862 685 951 770 ipsas
982 691 1117 770 propter
1149 707 1185 748 se
1220 690 1407 768 expetamus.

263 790 427 856 Quoniam
461 788 548 854 enim
579 793 698 852 natura
730 787 797 851 suis
830 787 982 852 omnibus
1012 787 1135 871 expleri
1166 787 1317 872 partibus
1339 785 1406 862 vult,
1448 777 1449 850 l

260 895 348 960 hunc
372 899 498 958 statum
522 889 666 974 corporis
689 911 747 975 per
766 911 801 954 se
824 889 931 975 ipsum
956 890 1102 975 expetit,
1127 889 1186 973 qui
1211 895 1263 953 est
1287 888 1408 952 maxime
1448 853 1449 900 l

262 1002 432 1074 enatura,
458 1015 540 1078 quae
563 998 637 1058 tota
658 993 871 1077 perturbatur
877 1041 886 1071 ,
920 993 948 1057 si
981 999 1038 1057 aut
1066 1013 1204 1077 aegrum
1229 1013 1343 1076 corpus
1369 999 1409 1054 est

253 1105 320 1162 aut
343 1098 435 1162 dolet
458 1101 516 1160 aut
540 1100 630 1159 caret
652 1093 789 1158 viribus.
1449 1169 1450 1176 ἵ

350 1200 482 1264 XVIII.
500 1197 567 1282 (48)
575 1197 756 1262 Videamus
768 1196 867 1262 animi
878 1203 1000 1280 partes,
1015 1219 1153 1281 quarum
1164 1203 1218 1262 est
1227 1201 1405 1280 conspectus

261 1302 439 1368 illustrior:
465 1323 546 1384 quae
567 1323 631 1385 quo
648 1308 728 1366 sunt
744 1299 952 1378 excelsiores,
977 1321 1015 1364 eo
1038 1300 1119 1364 dant
1140 1300 1282 1364 clariora
1304 1297 1405 1362 indicia

262 1413 412 1471 naturae.
458 1405 584 1469 Tantus
609 1412 661 1469 est
684 1403 789 1488 igitur
803 1404 937 1468 innatus
953 1403 988 1468 in
1003 1403 1099 1470 nobis
1116 1402 1318 1488 cognitionis
1333 1421 1406 1466 amor
1450 1407 1451 1422 ¹

235 1544 238 1559 ·
264 1515 299 1574 et
322 1507 490 1586 solentiae,
517 1515 554 1571 ut
576 1527 673 1571 nemo
698 1506 849 1571 dubitare
873 1505 979 1590 possit
1002 1505 1081 1590 quin
1104 1506 1146 1570 ad
1172 1527 1228 1570 eas
1252 1526 1302 1569 res
1318 1501 1401 1567 homi·

235 1584 343 1689 lnum
364 1617 483 1674 natura
506 1610 597 1673 nullo
622 1610 846 1673 emolumento
870 1608 1011 1673 invitata
1026 1608 1186 1692 rapiatur.
1223 1607 1400 1672 Videmuane

263 1719 301 1777 ut
323 1712 416 1796 pueri
439 1733 480 1775 ne
503 1711 696 1776 verberibus
725 1710 856 1794 quidem
886 1735 906 1775 a
934 1711 1201 1796 contemplandis
1231 1711 1326 1775 rebus
1344 1727 1397 1790 per·
1451 1743 1452 1748 κ

264 1812 496 1899 quirendisque
513 1811 759 1880 deterreantur?
780 1817 817 1875 ut
832 1812 920 1897 pulsi
933 1812 1124 1878 recurrant?
1145 1821 1186 1875 ut
1202 1810 1323 1896 aliquid
1336 1807 1399 1871 scire

263 1939 298 1982 se
322 1916 510 2002 gaudeant?
548 1922 587 1979 ut
609 1914 643 1979 id
667 1915 740 1980 aliis
763 1937 893 1979 narrare
915 1915 1084 2000 gestiant?
1116 1921 1155 1979 ut
1179 1937 1308 2000 pompa,
1329 1908 1400 1973 ludis

263 2029 363 2104 atque
388 2020 457 2084 eius
481 2019 571 2084 modi
594 2019 792 2104 spectaculis
815 2025 1008 2098 teneantur,
1035 2021 1076 2084 ob
1110 2040 1252 2104 eamque
1278 2037 1336 2081 rem
1355 2010 1399 2073 vel

263 2124 383 2190 famem
409 2130 442 2188 et
465 2122 554 2186 sitim
578 2121 766 2205 perferant?
813 2122 903 2188 Quid
926 2123 1023 2186 vero?
1048 2122 1103 2206 qui
1128 2121 1282 2206 ingenuis
1303 2111 1399 2181 studiis

264 2230 364 2308 atque
392 2224 520 2288 artibus
549 2222 773 2300 delectantur,
807 2245 915 2288 nonne
944 2223 1094 2288 videmus
1123 2246 1181 2288 eos
1210 2244 1270 2289 nec
1295 2216 1399 2283 valetu-

266 2326 352 2391 dinis
383 2347 444 2390 nec
476 2324 522 2389 rei
554 2324 725 2390 familiaria
758 2326 879 2390 habere
908 2325 1069 2390 rationem
1098 2325 1274 2409 omniaque
1296 2312 1399 2405 perpeti
1453 2343 1454 2358 ι

264 2431 337 2515 ipsa
362 2428 551 2513 cognitione
576 2435 610 2493 et
634 2429 773 2494 seientia
804 2435 918 2516 captos
947 2437 981 2493 et
1011 2451 1086 2493 cum
1108 2427 1262 2494 maximis
1286 2420 1359 2489 curis
1377 2420 1402 2478 et

263 2531 434 2597 laboribus
452 2552 664 2615 compensare
688 2553 771 2610 eam,
797 2525 895 2615 quam
918 2553 958 2596 ex
982 2530 1139 2596 discendo
1166 2531 1308 2616 capiant,
1329 2521 1401 2587 volu·

265 2638 415 2718 ptatem?
461 2633 527 2717 (49)
555 2632 642 2697 Mihi
669 2633 802 2716 quidem
829 2634 992 2698 Homerus
1021 2634 1118 2699 huius
1146 2633 1240 2699 modi
1273 2623 1401 2714 quiddam
1454 2607 1455 2626 ¹

264 2736 388 2801 vidisse
427 2735 558 2800 videtur
591 2735 625 2799 in
657 2735 713 2814 iis,
757 2758 839 2819 quae
875 2737 914 2800 de
948 2736 1098 2800 Sirenum
1132 2736 1286 2802 cantibus
1314 2723 1400 2793 finnt

265 2841 383 2923 Neque
407 2839 495 2902 enim
517 2859 636 2901 vocum
659 2839 822 2904 suavitate
849 2839 1004 2904 videntur
1032 2845 1090 2904 aut
1112 2841 1263 2905 neultate
1286 2829 1399 2918 quadam

266 2948 301 3006 et
332 2938 494 3004 varietate
532 2939 689 3004 cantandi
724 2961 879 3005 revocare
917 2962 972 3005 eos
1011 2941 1148 3020 solitae,
1190 2939 1246 3025 qui
1281 2935 1398 3020 praeter·

265 3179 392 3234 tisanae.
473 3196 655 3248 sequamur
673 3179 793 3242 buchen,
813 3179 1008 3235 naohstreben'.
1095 3181 1207 3250 Atque
1226 3176 1302 3231 ‘datu
1317 3159 1401 3224 komml

245 3246 446 3310 ¹nooh‚dass’.
516 3246 1103 3317 quiest-enaturas.zuo.9‚26.

338 3333 389 3388 Die
407 3333 481 3387 Seele
499 3332 587 3387 strebt
605 3333 675 3388 ohne
692 3332 845 3388 Ri'rclrsieht
864 3334 915 3390 auf
929 3337 1036 3390 tumere
1048 3333 1188 3389 Vorthaile
1205 3329 1273 3386 nach
1291 3311 1399 3379 Ilrlrenssl‘

267 3402 325 3456 nias
343 3400 400 3456 und
418 3401 534 3456 Wissen.
571 3402 647 3473 (Gap.
667 3406 707 3456 18.
729 3407 780 3470 19.)

336 3469 387 3524 48.
424 3474 626 3541 conspectus
645 3471 695 3526 uie
713 3469 762 3525 ads
781 3474 857 3526 ectus
876 3470 1083 3541 ‘Ilrsoheinung
1101 3470 1235 3526 Anbliolr’.
1309 3455 1400 3533 adeas

266 3556 320 3594 res
335 3538 421 3620 ntiml.
440 3539 476 3593 ad
494 3556 525 3593 co
546 3539 724 3594 uitionemet
741 3489 780 3593 ad
796 3539 944 3594 seientiam.
1015 3539 1226 3595 videmusne.
1261 3529 1317 3586 Wie
1332 3522 1400 3576 diceet

267 3625 297 3662 so
315 3606 471 3662 drentauoh
488 3608 516 3662 vi
536 3626 606 3669 esne,
624 3606 758 3663 videtisne
775 3626 824 3663 aur
833 3607 1010 3678 Elinfiihrung
1028 3607 1075 3662 der
1093 3603 1287 3664 demonstratio
1298 3590 1400 3666 undum

268 3676 339 3731 disse
357 3676 566 3758 eindringlioher
584 3696 618 3731 zu
635 3676 766 3740 muchan,
793 3676 864 3747 folgt
881 3680 913 3731 ut
932 3680 1003 3731 statt
1020 3676 1065 3731 des
1084 3676 1237 3732 abstractae
1254 3673 1312 3726 Aoo·
1329 3677 1347 3741 .⁰·
1362 3648 1400 3752 ml:

269 3744 303 3797 de
320 3763 375 3798 sen.
396 3750 435 3809 10,
454 3749 485 3798 el
506 3745 648 3800 Vrdetiane
665 3748 699 3799 ut
716 3745 788 3826 apud
806 3746 958 3800 Homerum
975 3745 1131 3816 saepissimo
1148 3745 1250 3800 Nestor
1265 3737 1297 3792 de
1312 3721 1391 3804 mlum

267 3811 319 3866 bue
337 3812 393 3866 suis
411 3813 564 3894 praeditet?
598 3813 678 3868 Mehr
695 3813 872 3895 be1·Seyffert
889 3813 978 3869 Sehol.
995 3813 1043 3868 lat.
1061 3816 1077 3869 I
1095 3814 1122 3869 S.
1141 3819 1199 3869 184.
1276 3799 1394 3924 ,qumi

268 3882 678 4021 tttlttttlttgttlam
692 3875 1399 4022 ggqngugugugqqqqqraggaei:

269 4021 303 4072 98
321 4015 412 4099 Quid?
429 4017 534 4100 victum
551 4020 829 4075 Lacedaemoniorum
846 4019 876 4075 in
894 4019 1010 4091 philitiis
1028 4039 1118 4076 nonne
1135 4016 1272 4075 videmus?
1342 4005 1397 4091 ΟΨ

267 4103 424 4169 maxrmrs
442 4105 536 4141 curra
554 4091 587 4142 et
603 4088 786 4144 laboribus
803 4107 1032 4160 compensaret
1068 4090 1099 4144 11
1116 4093 1158 4153 30,
1177 4093 1209 4142 96
1226 4061 1389 4146 Gomp0¹1⁸³b²

268 4158 439 4236 tm‚'mqu1t,
458 4159 552 4212 tamen
570 4174 633 4210 oum
650 4156 694 4212 his
711 4157 838 4213 omnibus
856 4157 942 4212 animi
958 4157 1074 4214 laetitia.
1101 4159 1115 4223 §
1133 4162 1166 4212 et
1184 4133 1397 4220 eompenobawu

267 4228 372 4363 lalliqlddd
388 4242 450 4364 illd
465 4225 583 4349 gurrqmis
601 4223 740 4282 doloribus
757 4226 871 4282 laetitia.
904 4226 962 4282 cic.
980 4231 1043 4298 sagt
1069 4226 1133 4282 aber
1159 4224 1227 4281 auch
1252 4205 1397 4280 00111P⁰¹1⁸⁸r⁰

445 4313 464 4348 u
526 4333 533 4348 .
