<?xml version="1.0" encoding="UTF-8"?>
<!DOCTYPE html PUBLIC "-//W3C//DTD XHTML 1.0 Transitional//EN"
    "http://www.w3.org/TR/xhtml1/DTD/xhtml1-transitional.dtd">
<html xmlns="http://www.w3.org/1999/xhtml" xml:lang="en" lang="en">
 <head>
  <title>
</title>
<meta http-equiv="Content-Type" content="text/html;charset=utf-8" />
  <meta name='ocr-system' content='tesseract 3.04.00' />
  <meta name='ocr-capabilities' content='ocr_page ocr_carea ocr_par ocr_line ocrx_word'/>
</head>
<body>
  <div class='ocr_page' id='page_1' title='image "./definibusbonoru00holsgoog_0236.png"; bbox 0 0 2942 4950; ppageno 0'>
   <div class='ocr_carea' id='block_1_1' title="bbox 228 303 1165 374">
    <p class='ocr_par' dir='ltr' id='par_1_1' title="bbox 228 303 1165 374">
     <span class='ocr_line' id='line_1_1' title="bbox 228 303 1165 374; baseline -0.017 0"><span class='ocrx_word' id='word_1_1' title='bbox 228 311 292 374; x_wconf 81' lang='lat' dir='ltr'>2l4</span> <span class='ocrx_word' id='word_1_2' title='bbox 466 306 516 361; x_wconf 78' lang='lat' dir='ltr'>DE</span> <span class='ocrx_word' id='word_1_3' title='bbox 534 304 686 361; x_wconf 69' lang='lat' dir='ltr'>ammos</span> <span class='ocrx_word' id='word_1_4' title='bbox 705 303 890 359; x_wconf 72' lang='lat' dir='ltr'>Bonosum</span> <span class='ocrx_word' id='word_1_5' title='bbox 908 303 955 358; x_wconf 83' lang='grc' dir='ltr'>ΕΤ</span> <span class='ocrx_word' id='word_1_6' title='bbox 975 303 1165 358; x_wconf 68' lang='lat' dir='ltr'>Matonem</span> 
     </span>
    </p>
   </div>
   <div class='ocr_carea' id='block_1_2' title="bbox 228 472 1469 3230">
    <p class='ocr_par' dir='ltr' id='par_1_2' title="bbox 228 472 1469 2695">
     <span class='ocr_line' id='line_1_2' title="bbox 229 472 1389 562; baseline -0.007 -20"><span class='ocrx_word' id='word_1_7' title='bbox 229 499 333 562; x_wconf 89' lang='lat' dir='ltr'>aeque</span> <span class='ocrx_word' id='word_1_8' title='bbox 355 483 474 560; x_wconf 88' lang='lat' dir='ltr'>peccat</span> <span class='ocrx_word' id='word_1_9' title='bbox 497 476 552 560; x_wconf 90' lang='lat' dir='ltr'>qui</span> <span class='ocrx_word' id='word_1_10' title='bbox 574 480 746 562; x_wconf 87' lang='lat' dir='ltr'>parentem</span> <span class='ocrx_word' id='word_1_11' title='bbox 775 479 808 536; x_wconf 86' lang='lat' dir='ltr'>et</span> <span class='ocrx_word' id='word_1_12' title='bbox 838 473 895 556; x_wconf 87' lang='lat' dir='ltr'>qui</span> <span class='ocrx_word' id='word_1_13' title='bbox 924 495 1055 537; x_wconf 84' lang='lat' dir='ltr'>servum</span> <span class='ocrx_word' id='word_1_14' title='bbox 1078 473 1196 536; x_wconf 86' lang='lat' dir='ltr'>iniuria</span> <span class='ocrx_word' id='word_1_15' title='bbox 1224 472 1389 536; x_wconf 80' lang='lat' dir='ltr'>verberat.</span> 
     </span>
     <span class='ocr_line' id='line_1_3' title="bbox 229 576 1392 662; baseline -0.006 -16"><span class='ocrx_word' id='word_1_16' title='bbox 229 583 302 646; x_wconf 90' lang='lat' dir='ltr'>Hoc</span> <span class='ocrx_word' id='word_1_17' title='bbox 327 603 393 644; x_wconf 92' lang='lat' dir='ltr'>non</span> <span class='ocrx_word' id='word_1_18' title='bbox 408 580 530 658; x_wconf 85' lang='lat' dir='ltr'>videre,</span> <span class='ocrx_word' id='word_1_19' title='bbox 556 580 648 642; x_wconf 88' lang='lat' dir='ltr'>cuius</span> <span class='ocrx_word' id='word_1_20' title='bbox 664 578 795 662; x_wconf 87' lang='lat' dir='ltr'>generis</span> <span class='ocrx_word' id='word_1_21' title='bbox 814 599 897 641; x_wconf 91' lang='lat' dir='ltr'>onus</span> <span class='ocrx_word' id='word_1_22' title='bbox 915 577 1008 641; x_wconf 87' lang='lat' dir='ltr'>navis</span> <span class='ocrx_word' id='word_1_23' title='bbox 1023 579 1136 655; x_wconf 81' lang='lat' dir='ltr'>vehat,</span> <span class='ocrx_word' id='word_1_24' title='bbox 1160 577 1194 640; x_wconf 90' lang='lat' dir='ltr'>id</span> <span class='ocrx_word' id='word_1_25' title='bbox 1210 576 1251 640; x_wconf 89' lang='lat' dir='ltr'>ad</span> <span class='ocrx_word' id='word_1_26' title='bbox 1269 576 1392 660; x_wconf 89' lang='lat' dir='ltr'>guber-</span> 
     </span>
     <span class='ocr_line' id='line_1_4' title="bbox 229 677 1394 764; baseline -0.006 -17"><span class='ocrx_word' id='word_1_27' title='bbox 229 683 355 748; x_wconf 85' lang='lat' dir='ltr'>natoris</span> <span class='ocrx_word' id='word_1_28' title='bbox 378 690 483 746; x_wconf 89' lang='lat' dir='ltr'>artem</span> <span class='ocrx_word' id='word_1_29' title='bbox 505 680 590 744; x_wconf 89' lang='lat' dir='ltr'>nibil</span> <span class='ocrx_word' id='word_1_30' title='bbox 613 679 798 764; x_wconf 84' lang='lat' dir='ltr'>pertinere!</span> <span class='ocrx_word' id='word_1_31' title='bbox 824 679 936 762; x_wconf 85' lang='lat' dir='ltr'>itaque</span> <span class='ocrx_word' id='word_1_32' title='bbox 960 701 1076 743; x_wconf 87' lang='lat' dir='ltr'>aurum</span> <span class='ocrx_word' id='word_1_33' title='bbox 1092 677 1262 762; x_wconf 79' lang='lat' dir='ltr'><strong>paleamne</strong></span> <span class='ocrx_word' id='word_1_34' title='bbox 1278 685 1394 762; x_wconf 89' lang='lat' dir='ltr'>portet</span> 
     </span>
     <span class='ocr_line' id='line_1_5' title="bbox 230 779 1393 864; baseline -0.005 -15"><span class='ocrx_word' id='word_1_35' title='bbox 230 785 272 849; x_wconf 88' lang='lat' dir='ltr'>ad</span> <span class='ocrx_word' id='word_1_36' title='bbox 294 785 378 848; x_wconf 89' lang='lat' dir='ltr'>bene</span> <span class='ocrx_word' id='word_1_37' title='bbox 402 783 524 847; x_wconf 89' lang='lat' dir='ltr'>autad</span> <span class='ocrx_word' id='word_1_38' title='bbox 547 781 633 844; x_wconf 89' lang='lat' dir='ltr'>male</span> <span class='ocrx_word' id='word_1_39' title='bbox 656 781 908 863; x_wconf 86' lang='lat' dir='ltr'>gubernandum</span> <span class='ocrx_word' id='word_1_40' title='bbox 929 781 1013 844; x_wconf 88' lang='lat' dir='ltr'>nihil</span> <span class='ocrx_word' id='word_1_41' title='bbox 1028 779 1201 844; x_wconf 88' lang='lat' dir='ltr'>interesse.</span> <span class='ocrx_word' id='word_1_42' title='bbox 1248 783 1294 844; x_wconf 84' lang='lat' dir='ltr'>At</span> <span class='ocrx_word' id='word_1_43' title='bbox 1311 780 1393 864; x_wconf 88' lang='lat' dir='ltr'>quid</span> 
     </span>
     <span class='ocr_line' id='line_1_6' title="bbox 229 881 1394 970; baseline -0.006 -20"><span class='ocrx_word' id='word_1_44' title='bbox 229 888 316 950; x_wconf 89' lang='lat' dir='ltr'>inter</span> <span class='ocrx_word' id='word_1_45' title='bbox 343 890 514 970; x_wconf 89' lang='lat' dir='ltr'>parentem</span> <span class='ocrx_word' id='word_1_46' title='bbox 543 889 577 946; x_wconf 88' lang='lat' dir='ltr'>et</span> <span class='ocrx_word' id='word_1_47' title='bbox 608 883 776 946; x_wconf 81' lang='lat' dir='ltr'>servulum</span> <span class='ocrx_word' id='word_1_48' title='bbox 807 883 956 960; x_wconf 86' lang='lat' dir='ltr'>intersit,</span> <span class='ocrx_word' id='word_1_49' title='bbox 988 881 1143 964; x_wconf 73' lang='lat' dir='ltr'>intellegi</span> <span class='ocrx_word' id='word_1_50' title='bbox 1166 888 1200 944; x_wconf 92' lang='lat' dir='ltr'>et</span> <span class='ocrx_word' id='word_1_51' title='bbox 1222 889 1331 965; x_wconf 90' lang='lat' dir='ltr'>potest</span> <span class='ocrx_word' id='word_1_52' title='bbox 1357 890 1394 944; x_wconf 89' lang='lat' dir='ltr'>et</span> 
     </span>
     <span class='ocr_line' id='line_1_7' title="bbox 230 984 1392 1070; baseline -0.005 -18"><span class='ocrx_word' id='word_1_53' title='bbox 230 989 341 1052; x_wconf 88' lang='lat' dir='ltr'>debet.</span> <span class='ocrx_word' id='word_1_54' title='bbox 368 988 458 1070; x_wconf 82' lang='lat' dir='ltr'>Ergo</span> <span class='ocrx_word' id='word_1_55' title='bbox 474 986 509 1048; x_wconf 91' lang='lat' dir='ltr'>in</span> <span class='ocrx_word' id='word_1_56' title='bbox 524 984 740 1068; x_wconf 87' lang='lat' dir='ltr'>gubernando</span> <span class='ocrx_word' id='word_1_57' title='bbox 756 984 852 1064; x_wconf 91' lang='lat' dir='ltr'>nibil,</span> <span class='ocrx_word' id='word_1_58' title='bbox 868 985 904 1048; x_wconf 91' lang='lat' dir='ltr'>in</span> <span class='ocrx_word' id='word_1_59' title='bbox 919 985 1029 1048; x_wconf 86' lang='lat' dir='ltr'>officio</span> <span class='ocrx_word' id='word_1_60' title='bbox 1046 985 1224 1068; x_wconf 87' lang='lat' dir='ltr'>plurimum</span> <span class='ocrx_word' id='word_1_61' title='bbox 1239 984 1392 1064; x_wconf 87' lang='lat' dir='ltr'>interest,</span> 
     </span>
     <span class='ocr_line' id='line_1_8' title="bbox 231 1087 1466 1176; baseline -0.003 -21"><span class='ocrx_word' id='word_1_62' title='bbox 231 1115 294 1176; x_wconf 91' lang='lat' dir='ltr'>quo</span> <span class='ocrx_word' id='word_1_63' title='bbox 317 1091 352 1153; x_wconf 92' lang='lat' dir='ltr'>in</span> <span class='ocrx_word' id='word_1_64' title='bbox 374 1110 495 1174; x_wconf 84' lang='lat' dir='ltr'>genere</span> <span class='ocrx_word' id='word_1_65' title='bbox 518 1093 685 1176; x_wconf 75' lang='lat' dir='ltr'>peccetur.</span> <span class='ocrx_word' id='word_1_66' title='bbox 732 1089 778 1151; x_wconf 86' lang='lat' dir='ltr'>Et</span> <span class='ocrx_word' id='word_1_67' title='bbox 801 1089 835 1152; x_wconf 91' lang='lat' dir='ltr'>in</span> <span class='ocrx_word' id='word_1_68' title='bbox 856 1089 928 1174; x_wconf 90' lang='lat' dir='ltr'>ipsa</span> <span class='ocrx_word' id='word_1_69' title='bbox 951 1087 1203 1172; x_wconf 79' lang='lat' dir='ltr'>gubernatione,</span> <span class='ocrx_word' id='word_1_70' title='bbox 1228 1088 1257 1152; x_wconf 92' lang='lat' dir='ltr'>si</span> <span class='ocrx_word' id='word_1_71' title='bbox 1279 1088 1393 1172; x_wconf 89' lang='lat' dir='ltr'>negle·</span> <span class='ocrx_word' id='word_1_72' title='bbox 1464 1115 1466 1138; x_wconf 70' lang='grc' dir='ltr'><strong>ι</strong></span> 
     </span>
     <span class='ocr_line' id='line_1_9' title="bbox 230 1191 1394 1278; baseline -0.003 -19"><span class='ocrx_word' id='word_1_73' title='bbox 230 1196 346 1278; x_wconf 90' lang='lat' dir='ltr'>gentia</span> <span class='ocrx_word' id='word_1_74' title='bbox 369 1199 421 1257; x_wconf 89' lang='lat' dir='ltr'>est</span> <span class='ocrx_word' id='word_1_75' title='bbox 444 1193 538 1256; x_wconf 86' lang='lat' dir='ltr'>navis</span> <span class='ocrx_word' id='word_1_76' title='bbox 563 1214 693 1270; x_wconf 87' lang='lat' dir='ltr'>eversa,</span> <span class='ocrx_word' id='word_1_77' title='bbox 726 1191 831 1257; x_wconf 88' lang='lat' dir='ltr'>maius</span> <span class='ocrx_word' id='word_1_78' title='bbox 863 1199 916 1256; x_wconf 88' lang='lat' dir='ltr'>est</span> <span class='ocrx_word' id='word_1_79' title='bbox 939 1199 1113 1276; x_wconf 89' lang='lat' dir='ltr'>peccatum</span> <span class='ocrx_word' id='word_1_80' title='bbox 1135 1193 1170 1256; x_wconf 94' lang='lat' dir='ltr'>in</span> <span class='ocrx_word' id='word_1_81' title='bbox 1192 1215 1271 1256; x_wconf 90' lang='lat' dir='ltr'>auro</span> <span class='ocrx_word' id='word_1_82' title='bbox 1296 1215 1394 1278; x_wconf 89' lang='lat' dir='ltr'>quam</span> 
     </span>
     <span class='ocr_line' id='line_1_10' title="bbox 230 1293 1467 1386; baseline -0.002 -26"><span class='ocrx_word' id='word_1_83' title='bbox 230 1299 264 1361; x_wconf 92' lang='lat' dir='ltr'>in</span> <span class='ocrx_word' id='word_1_84' title='bbox 286 1297 392 1382; x_wconf 89' lang='lat' dir='ltr'>palea.</span> <span class='ocrx_word' id='word_1_85' title='bbox 440 1295 605 1358; x_wconf 86' lang='lat' dir='ltr'>Omnibus</span> <span class='ocrx_word' id='word_1_86' title='bbox 637 1296 724 1360; x_wconf 91' lang='lat' dir='ltr'>enim</span> <span class='ocrx_word' id='word_1_87' title='bbox 756 1295 883 1360; x_wconf 86' lang='lat' dir='ltr'>artibus</span> <span class='ocrx_word' id='word_1_88' title='bbox 914 1294 1068 1358; x_wconf 88' lang='lat' dir='ltr'>volumus</span> <span class='ocrx_word' id='word_1_89' title='bbox 1101 1293 1300 1360; x_wconf 85' lang='lat' dir='ltr'>attributam</span> <span class='ocrx_word' id='word_1_90' title='bbox 1322 1316 1394 1358; x_wconf 91' lang='lat' dir='ltr'>esse</span> <span class='ocrx_word' id='word_1_91' title='bbox 1466 1369 1467 1386; x_wconf 13' lang='grc' dir='ltr'>χ</span> 
     </span>
     <span class='ocr_line' id='line_1_11' title="bbox 230 1389 1392 1484; baseline -0.002 -22"><span class='ocrx_word' id='word_1_92' title='bbox 230 1421 323 1478; x_wconf 89' lang='lat' dir='ltr'>eam,</span> <span class='ocrx_word' id='word_1_93' title='bbox 356 1420 439 1482; x_wconf 89' lang='lat' dir='ltr'>quae</span> <span class='ocrx_word' id='word_1_94' title='bbox 473 1397 655 1461; x_wconf 90' lang='lat' dir='ltr'>communis</span> <span class='ocrx_word' id='word_1_95' title='bbox 689 1399 877 1484; x_wconf 90' lang='lat' dir='ltr'>appellatur</span> <span class='ocrx_word' id='word_1_96' title='bbox 907 1397 1102 1482; x_wconf 88' lang='lat' dir='ltr'>prudentia,</span> <span class='ocrx_word' id='word_1_97' title='bbox 1136 1389 1234 1482; x_wconf 85' lang='lat' dir='ltr'>quam</span> <span class='ocrx_word' id='word_1_98' title='bbox 1267 1419 1392 1476; x_wconf 88' lang='lat' dir='ltr'>omnes,</span> 
     </span>
     <span class='ocr_line' id='line_1_12' title="bbox 231 1501 1393 1586; baseline -0.003 -19"><span class='ocrx_word' id='word_1_99' title='bbox 231 1503 424 1586; x_wconf 90' lang='lat' dir='ltr'>cuicumque</span> <span class='ocrx_word' id='word_1_100' title='bbox 457 1501 596 1566; x_wconf 86' lang='lat' dir='ltr'>artificio</span> <span class='ocrx_word' id='word_1_101' title='bbox 627 1509 803 1584; x_wconf 86' lang='lat' dir='ltr'>praesunt,</span> <span class='ocrx_word' id='word_1_102' title='bbox 837 1501 961 1565; x_wconf 90' lang='lat' dir='ltr'>debent</span> <span class='ocrx_word' id='word_1_103' title='bbox 993 1501 1126 1566; x_wconf 86' lang='lat' dir='ltr'>habere.</span> <span class='ocrx_word' id='word_1_104' title='bbox 1169 1501 1226 1565; x_wconf 89' lang='lat' dir='ltr'>Ita</span> <span class='ocrx_word' id='word_1_105' title='bbox 1257 1523 1300 1565; x_wconf 89' lang='lat' dir='ltr'>ne</span> <span class='ocrx_word' id='word_1_106' title='bbox 1331 1504 1393 1564; x_wconf 92' lang='lat' dir='ltr'>hoc</span> 
     </span>
     <span class='ocr_line' id='line_1_13' title="bbox 231 1602 1394 1688; baseline 0 -22"><span class='ocrx_word' id='word_1_107' title='bbox 231 1603 364 1688; x_wconf 91' lang='lat' dir='ltr'>quidem</span> <span class='ocrx_word' id='word_1_108' title='bbox 400 1603 498 1667; x_wconf 88' lang='lat' dir='ltr'>modo</span> <span class='ocrx_word' id='word_1_109' title='bbox 535 1603 627 1688; x_wconf 90' lang='lat' dir='ltr'>paria</span> <span class='ocrx_word' id='word_1_110' title='bbox 662 1609 801 1688; x_wconf 90' lang='lat' dir='ltr'>peccata</span> <span class='ocrx_word' id='word_1_111' title='bbox 832 1610 922 1667; x_wconf 89' lang='lat' dir='ltr'>sunt.</span> <span class='ocrx_word' id='word_1_112' title='bbox 972 1602 1139 1667; x_wconf 80' lang='lat' dir='ltr'>XXVIII.</span> <span class='ocrx_word' id='word_1_113' title='bbox 1171 1603 1231 1687; x_wconf 75' lang='grc'>(77)</span> <span class='ocrx_word' id='word_1_114' title='bbox 1264 1603 1394 1688; x_wconf 87' lang='lat' dir='ltr'>Urgent</span> 
     </span>
     <span class='ocr_line' id='line_1_14' title="bbox 230 1705 1393 1793; baseline 0 -23"><span class='ocrx_word' id='word_1_115' title='bbox 230 1715 342 1772; x_wconf 90' lang='lat' dir='ltr'>tamen</span> <span class='ocrx_word' id='word_1_116' title='bbox 359 1713 394 1769; x_wconf 91' lang='lat' dir='ltr'>et</span> <span class='ocrx_word' id='word_1_117' title='bbox 409 1706 492 1769; x_wconf 85' lang='lat' dir='ltr'>nihil</span> <span class='ocrx_word' id='word_1_118' title='bbox 508 1707 696 1770; x_wconf 87' lang='lat' dir='ltr'>remittunt.</span> <span class='ocrx_word' id='word_1_119' title='bbox 728 1705 904 1784; x_wconf 79' lang='lat' dir='ltr'>Quoniam,</span> <span class='ocrx_word' id='word_1_120' title='bbox 924 1705 1090 1788; x_wconf 89' lang='lat' dir='ltr'>inquiunt,</span> <span class='ocrx_word' id='word_1_121' title='bbox 1108 1727 1204 1770; x_wconf 89' lang='lat' dir='ltr'>omne</span> <span class='ocrx_word' id='word_1_122' title='bbox 1220 1715 1393 1793; x_wconf 88' lang='lat' dir='ltr'>peccatum</span> 
     </span>
     <span class='ocr_line' id='line_1_15' title="bbox 229 1797 1468 1887; baseline 0.001 -14"><span class='ocrx_word' id='word_1_123' title='bbox 229 1808 468 1873; x_wconf 71' lang='lat' dir='ltr'>imbecillitatis</span> <span class='ocrx_word' id='word_1_124' title='bbox 492 1815 527 1872; x_wconf 89' lang='lat' dir='ltr'>et</span> <span class='ocrx_word' id='word_1_125' title='bbox 549 1809 790 1872; x_wconf 78' lang='lat' dir='ltr'>inconstantiae</span> <span class='ocrx_word' id='word_1_126' title='bbox 814 1815 882 1887; x_wconf 90' lang='lat' dir='ltr'>est,</span> <span class='ocrx_word' id='word_1_127' title='bbox 915 1811 998 1874; x_wconf 89' lang='lat' dir='ltr'>haec</span> <span class='ocrx_word' id='word_1_128' title='bbox 1031 1797 1143 1873; x_wconf 88' lang='lat' dir='ltr'>autem</span> <span class='ocrx_word' id='word_1_129' title='bbox 1165 1809 1247 1874; x_wconf 87' lang='lat' dir='ltr'>vitia</span> <span class='ocrx_word' id='word_1_130' title='bbox 1269 1812 1303 1874; x_wconf 91' lang='lat' dir='ltr'>in</span> <span class='ocrx_word' id='word_1_131' title='bbox 1327 1834 1393 1874; x_wconf 93' lang='lat' dir='ltr'>om·</span> <span class='ocrx_word' id='word_1_132' title='bbox 1467 1859 1468 1864; x_wconf 27' lang='grc' dir='ltr'><strong>ι</strong></span> 
     </span>
     <span class='ocr_line' id='line_1_16' title="bbox 229 1912 1391 1998; baseline -0.001 -22"><span class='ocrx_word' id='word_1_133' title='bbox 229 1913 327 1977; x_wconf 88' lang='lat' dir='ltr'>nibus</span> <span class='ocrx_word' id='word_1_134' title='bbox 359 1912 472 1976; x_wconf 86' lang='lat' dir='ltr'>stultis</span> <span class='ocrx_word' id='word_1_135' title='bbox 505 1933 608 1996; x_wconf 87' lang='lat' dir='ltr'>aeque</span> <span class='ocrx_word' id='word_1_136' title='bbox 640 1934 760 1996; x_wconf 86' lang='lat' dir='ltr'>magna</span> <span class='ocrx_word' id='word_1_137' title='bbox 797 1918 894 1991; x_wconf 90' lang='lat' dir='ltr'>sunt,</span> <span class='ocrx_word' id='word_1_138' title='bbox 932 1934 1069 1976; x_wconf 89' lang='lat' dir='ltr'>necesse</span> <span class='ocrx_word' id='word_1_139' title='bbox 1107 1920 1159 1976; x_wconf 90' lang='lat' dir='ltr'>est</span> <span class='ocrx_word' id='word_1_140' title='bbox 1195 1913 1287 1998; x_wconf 88' lang='lat' dir='ltr'>paria</span> <span class='ocrx_word' id='word_1_141' title='bbox 1321 1935 1391 1976; x_wconf 91' lang='lat' dir='ltr'>esse</span> 
     </span>
     <span class='ocr_line' id='line_1_17' title="bbox 230 2014 1392 2102; baseline -0.001 -21"><span class='ocrx_word' id='word_1_142' title='bbox 230 2023 383 2102; x_wconf 87' lang='lat' dir='ltr'>peccata:</span> <span class='ocrx_word' id='word_1_143' title='bbox 409 2016 503 2100; x_wconf 88' lang='lat' dir='ltr'>quasi</span> <span class='ocrx_word' id='word_1_144' title='bbox 525 2036 602 2081; x_wconf 89' lang='lat' dir='ltr'>vero</span> <span class='ocrx_word' id='word_1_145' title='bbox 627 2021 685 2080; x_wconf 92' lang='lat' dir='ltr'>aut</span> <span class='ocrx_word' id='word_1_146' title='bbox 709 2014 910 2079; x_wconf 88' lang='lat' dir='ltr'>concedatur</span> <span class='ocrx_word' id='word_1_147' title='bbox 931 2014 966 2079; x_wconf 93' lang='lat' dir='ltr'>in</span> <span class='ocrx_word' id='word_1_148' title='bbox 988 2015 1142 2079; x_wconf 87' lang='lat' dir='ltr'>omnibus</span> <span class='ocrx_word' id='word_1_149' title='bbox 1161 2017 1276 2080; x_wconf 87' lang='lat' dir='ltr'>stultis</span> <span class='ocrx_word' id='word_1_150' title='bbox 1292 2038 1392 2099; x_wconf 90' lang='lat' dir='ltr'>aeque</span> 
     </span>
     <span class='ocr_line' id='line_1_18' title="bbox 232 2104 1393 2204; baseline 0 -22"><span class='ocrx_word' id='word_1_151' title='bbox 232 2143 352 2204; x_wconf 89' lang='lat' dir='ltr'>magna</span> <span class='ocrx_word' id='word_1_152' title='bbox 389 2104 461 2183; x_wconf 82' lang='lat' dir='ltr'>esse</span> <span class='ocrx_word' id='word_1_153' title='bbox 499 2119 581 2183; x_wconf 87' lang='lat' dir='ltr'>vitia</span> <span class='ocrx_word' id='word_1_154' title='bbox 613 2125 648 2182; x_wconf 88' lang='lat' dir='ltr'>et</span> <span class='ocrx_word' id='word_1_155' title='bbox 681 2118 795 2183; x_wconf 90' lang='lat' dir='ltr'>eadem</span> <span class='ocrx_word' id='word_1_156' title='bbox 827 2117 1060 2182; x_wconf 86' lang='lat' dir='ltr'>imbecillitate</span> <span class='ocrx_word' id='word_1_157' title='bbox 1093 2124 1127 2183; x_wconf 91' lang='lat' dir='ltr'>et</span> <span class='ocrx_word' id='word_1_158' title='bbox 1158 2118 1393 2200; x_wconf 84' lang='lat' dir='ltr'>inconstantia,</span> 
     </span>
     <span class='ocr_line' id='line_1_19' title="bbox 229 2220 1396 2304; baseline -0.003 -17"><span class='ocrx_word' id='word_1_159' title='bbox 229 2221 270 2286; x_wconf 85' lang='lat' dir='ltr'>L.</span> <span class='ocrx_word' id='word_1_160' title='bbox 294 2222 463 2286; x_wconf 77' lang='lat' dir='ltr'>Tubulum</span> <span class='ocrx_word' id='word_1_161' title='bbox 490 2221 609 2301; x_wconf 83' lang='lat' dir='ltr'>luisse,</span> <span class='ocrx_word' id='word_1_162' title='bbox 643 2244 708 2304; x_wconf 90' lang='lat' dir='ltr'>qua</span> <span class='ocrx_word' id='word_1_163' title='bbox 739 2220 851 2299; x_wconf 91' lang='lat' dir='ltr'>illum,</span> <span class='ocrx_word' id='word_1_164' title='bbox 886 2221 988 2284; x_wconf 88' lang='lat' dir='ltr'>cuius‘</span> <span class='ocrx_word' id='word_1_165' title='bbox 1009 2221 1038 2284; x_wconf 91' lang='lat' dir='ltr'>is</span> <span class='ocrx_word' id='word_1_166' title='bbox 1070 2221 1310 2288; x_wconf 90' lang='lat' dir='ltr'>condemnatus</span> <span class='ocrx_word' id='word_1_167' title='bbox 1344 2229 1396 2284; x_wconf 89' lang='lat' dir='ltr'>est</span> 
     </span>
     <span class='ocr_line' id='line_1_20' title="bbox 230 2323 1469 2408; baseline 0 -20"><span class='ocrx_word' id='word_1_168' title='bbox 230 2325 421 2408; x_wconf 86' lang='lat' dir='ltr'>rogatione,</span> <span class='ocrx_word' id='word_1_169' title='bbox 454 2326 493 2387; x_wconf 92' lang='lat' dir='ltr'>P.</span> <span class='ocrx_word' id='word_1_170' title='bbox 519 2325 731 2402; x_wconf 87' lang='lat' dir='ltr'>Scaevolam,</span> <span class='ocrx_word' id='word_1_171' title='bbox 765 2330 800 2387; x_wconf 89' lang='lat' dir='ltr'>et</span> <span class='ocrx_word' id='word_1_172' title='bbox 833 2323 927 2407; x_wconf 87' lang='lat' dir='ltr'>quasi</span> <span class='ocrx_word' id='word_1_173' title='bbox 958 2323 1041 2388; x_wconf 90' lang='lat' dir='ltr'>nihil</span> <span class='ocrx_word' id='word_1_174' title='bbox 1072 2323 1161 2390; x_wconf 82' lang='lat' dir='ltr'>inter</span> <span class='ocrx_word' id='word_1_175' title='bbox 1187 2346 1240 2387; x_wconf 89' lang='lat' dir='ltr'>res</span> <span class='ocrx_word' id='word_1_176' title='bbox 1263 2345 1394 2408; x_wconf 88' lang='lat' dir='ltr'>quoque</span> <span class='ocrx_word' id='word_1_177' title='bbox 1468 2343 1469 2348; x_wconf 73' lang='grc'>’</span> 
     </span>
     <span class='ocr_line' id='line_1_21' title="bbox 228 2426 1397 2511; baseline -0.001 -20"><span class='ocrx_word' id='word_1_178' title='bbox 228 2427 328 2510; x_wconf 80' lang='lat' dir='ltr'>ipsae,</span> <span class='ocrx_word' id='word_1_179' title='bbox 352 2428 387 2490; x_wconf 94' lang='lat' dir='ltr'>in</span> <span class='ocrx_word' id='word_1_180' title='bbox 411 2427 529 2511; x_wconf 91' lang='lat' dir='ltr'>quibus</span> <span class='ocrx_word' id='word_1_181' title='bbox 553 2434 721 2510; x_wconf 88' lang='lat' dir='ltr'>peccatur,</span> <span class='ocrx_word' id='word_1_182' title='bbox 746 2426 895 2505; x_wconf 86' lang='lat' dir='ltr'>intersit,</span> <span class='ocrx_word' id='word_1_183' title='bbox 919 2433 969 2505; x_wconf 91' lang='lat' dir='ltr'>ut,</span> <span class='ocrx_word' id='word_1_184' title='bbox 995 2449 1058 2510; x_wconf 88' lang='lat' dir='ltr'>quo</span> <span class='ocrx_word' id='word_1_185' title='bbox 1082 2428 1145 2491; x_wconf 91' lang='lat' dir='ltr'>hae</span> <span class='ocrx_word' id='word_1_186' title='bbox 1168 2427 1307 2492; x_wconf 90' lang='lat' dir='ltr'>maiores</span> <span class='ocrx_word' id='word_1_187' title='bbox 1331 2428 1397 2491; x_wconf 93' lang='lat' dir='ltr'>mi-</span> 
     </span>
     <span class='ocr_line' id='line_1_22' title="bbox 229 2527 1398 2612; baseline 0.003 -20"><span class='ocrx_word' id='word_1_188' title='bbox 229 2550 368 2594; x_wconf 87' lang='lat' dir='ltr'>noresve</span> <span class='ocrx_word' id='word_1_189' title='bbox 401 2527 484 2607; x_wconf 90' lang='lat' dir='ltr'>sint,</span> <span class='ocrx_word' id='word_1_190' title='bbox 518 2551 556 2592; x_wconf 90' lang='lat' dir='ltr'>eo</span> <span class='ocrx_word' id='word_1_191' title='bbox 590 2552 673 2612; x_wconf 89' lang='lat' dir='ltr'>quae</span> <span class='ocrx_word' id='word_1_192' title='bbox 705 2535 886 2612; x_wconf 84' lang='lat' dir='ltr'>peccentur</span> <span class='ocrx_word' id='word_1_193' title='bbox 916 2528 951 2593; x_wconf 93' lang='lat' dir='ltr'>in</span> <span class='ocrx_word' id='word_1_194' title='bbox 979 2529 1031 2593; x_wconf 87' lang='lat' dir='ltr'>his</span> <span class='ocrx_word' id='word_1_195' title='bbox 1054 2530 1154 2593; x_wconf 89' lang='lat' dir='ltr'>rebus</span> <span class='ocrx_word' id='word_1_196' title='bbox 1181 2537 1239 2593; x_wconf 90' lang='lat' dir='ltr'>aut</span> <span class='ocrx_word' id='word_1_197' title='bbox 1271 2530 1398 2595; x_wconf 90' lang='lat' dir='ltr'>maiora</span> 
     </span>
     <span class='ocr_line' id='line_1_23' title="bbox 231 2631 544 2695; baseline 0.003 -2"><span class='ocrx_word' id='word_1_198' title='bbox 231 2631 300 2694; x_wconf 86' lang='lat' dir='ltr'>sint</span> <span class='ocrx_word' id='word_1_199' title='bbox 322 2637 380 2694; x_wconf 88' lang='lat' dir='ltr'>aut</span> <span class='ocrx_word' id='word_1_200' title='bbox 403 2631 544 2695; x_wconf 84' lang='lat' dir='ltr'>minora!</span> 
     </span>
    </p>

    <p class='ocr_par' dir='ltr' id='par_1_3' title="bbox 229 2732 1400 3230">
     <span class='ocr_line' id='line_1_24' title="bbox 316 2732 1398 2818; baseline 0.001 -18"><span class='ocrx_word' id='word_1_201' title='bbox 316 2732 379 2817; x_wconf 79' lang='grc'>(78)</span> <span class='ocrx_word' id='word_1_202' title='bbox 403 2733 523 2818; x_wconf 89' lang='lat' dir='ltr'>Itaque</span> <span class='ocrx_word' id='word_1_203' title='bbox 546 2734 677 2797; x_wconf 89' lang='lat' dir='ltr'>—iam</span> <span class='ocrx_word' id='word_1_204' title='bbox 700 2733 787 2796; x_wconf 88' lang='lat' dir='ltr'>enim</span> <span class='ocrx_word' id='word_1_205' title='bbox 811 2733 1028 2799; x_wconf 86' lang='lat' dir='ltr'>concludatur</span> <span class='ocrx_word' id='word_1_206' title='bbox 1050 2734 1155 2798; x_wconf 87' lang='lat' dir='ltr'>oratio</span> <span class='ocrx_word' id='word_1_207' title='bbox 1178 2773 1221 2784; x_wconf 92' lang='lat'><em>-</em></span> <span class='ocrx_word' id='word_1_208' title='bbox 1244 2735 1307 2800; x_wconf 89' lang='lat' dir='ltr'>hcc</span> <span class='ocrx_word' id='word_1_209' title='bbox 1329 2760 1398 2801; x_wconf 90' lang='lat' dir='ltr'>uno</span> 
     </span>
     <span class='ocr_line' id='line_1_25' title="bbox 229 2829 1399 2922; baseline 0.002 -22"><span class='ocrx_word' id='word_1_210' title='bbox 229 2829 311 2900; x_wconf 76' lang='lat' dir='ltr'>uitio</span> <span class='ocrx_word' id='word_1_211' title='bbox 334 2836 476 2900; x_wconf 85' lang='lat' dir='ltr'>maxime</span> <span class='ocrx_word' id='word_1_212' title='bbox 500 2836 581 2900; x_wconf 90' lang='lat' dir='ltr'>mihi</span> <span class='ocrx_word' id='word_1_213' title='bbox 604 2835 709 2920; x_wconf 89' lang='lat' dir='ltr'>premi</span> <span class='ocrx_word' id='word_1_214' title='bbox 732 2835 886 2901; x_wconf 89' lang='lat' dir='ltr'>videntur</span> <span class='ocrx_word' id='word_1_215' title='bbox 908 2837 959 2900; x_wconf 90' lang='lat' dir='ltr'>tui</span> <span class='ocrx_word' id='word_1_216' title='bbox 983 2837 1102 2917; x_wconf 84' lang='lat' dir='ltr'>Stoici,</span> <span class='ocrx_word' id='word_1_217' title='bbox 1129 2839 1216 2922; x_wconf 89' lang='lat' dir='ltr'>quod</span> <span class='ocrx_word' id='word_1_218' title='bbox 1240 2860 1275 2901; x_wconf 89' lang='lat' dir='ltr'>se</span> <span class='ocrx_word' id='word_1_219' title='bbox 1296 2859 1399 2922; x_wconf 89' lang='lat' dir='ltr'>posse</span> 
     </span>
     <span class='ocr_line' id='line_1_26' title="bbox 229 2937 1400 3023; baseline 0.003 -22"><span class='ocrx_word' id='word_1_220' title='bbox 229 2944 351 3023; x_wconf 87' lang='lat' dir='ltr'>putant</span> <span class='ocrx_word' id='word_1_221' title='bbox 383 2937 464 3002; x_wconf 88' lang='lat' dir='ltr'>duas</span> <span class='ocrx_word' id='word_1_222' title='bbox 496 2939 677 3004; x_wconf 85' lang='lat' dir='ltr'>contrarias</span> <span class='ocrx_word' id='word_1_223' title='bbox 701 2939 886 3004; x_wconf 85' lang='lat' dir='ltr'>sententias</span> <span class='ocrx_word' id='word_1_224' title='bbox 910 2939 1074 3005; x_wconf 88' lang='lat' dir='ltr'>obtinere.</span> <span class='ocrx_word' id='word_1_225' title='bbox 1120 2941 1210 3006; x_wconf 77' lang='lat' dir='ltr'>Quid</span> <span class='ocrx_word' id='word_1_226' title='bbox 1234 2941 1320 3006; x_wconf 92' lang='lat' dir='ltr'>enim</span> <span class='ocrx_word' id='word_1_227' title='bbox 1346 2951 1400 3005; x_wconf 87' lang='lat' dir='ltr'>est</span> 
     </span>
     <span class='ocr_line' id='line_1_27' title="bbox 232 3043 1398 3127; baseline 0.001 -22"><span class='ocrx_word' id='word_1_228' title='bbox 232 3051 302 3106; x_wconf 91' lang='lat' dir='ltr'>tam</span> <span class='ocrx_word' id='word_1_229' title='bbox 324 3063 513 3127; x_wconf 83' lang='lat' dir='ltr'>repugnans</span> <span class='ocrx_word' id='word_1_230' title='bbox 538 3048 643 3126; x_wconf 81' lang='lat' dir='ltr'>&#39;quam</span> <span class='ocrx_word' id='word_1_231' title='bbox 676 3043 817 3108; x_wconf 86' lang='lat' dir='ltr'>eundem</span> <span class='ocrx_word' id='word_1_232' title='bbox 849 3044 974 3123; x_wconf 87' lang='lat' dir='ltr'>dicere,</span> <span class='ocrx_word' id='word_1_233' title='bbox 1009 3045 1098 3127; x_wconf 91' lang='lat' dir='ltr'>quod</span> <span class='ocrx_word' id='word_1_234' title='bbox 1129 3046 1306 3108; x_wconf 90' lang='lat' dir='ltr'>honestum</span> <span class='ocrx_word' id='word_1_235' title='bbox 1339 3046 1398 3123; x_wconf 88' lang='lat' dir='ltr'>sit,</span> 
     </span>
     <span class='ocr_line' id='line_1_28' title="bbox 235 3143 1400 3230; baseline 0.002 -23"><span class='ocrx_word' id='word_1_236' title='bbox 235 3144 343 3208; x_wconf 90' lang='lat' dir='ltr'>solum</span> <span class='ocrx_word' id='word_1_237' title='bbox 374 3143 409 3208; x_wconf 90' lang='lat' dir='ltr'>id</span> <span class='ocrx_word' id='word_1_238' title='bbox 440 3145 565 3210; x_wconf 89' lang='lat' dir='ltr'>bonum</span> <span class='ocrx_word' id='word_1_239' title='bbox 597 3167 684 3222; x_wconf 90' lang='lat' dir='ltr'>esse,</span> <span class='ocrx_word' id='word_1_240' title='bbox 723 3145 779 3228; x_wconf 92' lang='lat' dir='ltr'>qui</span> <span class='ocrx_word' id='word_1_241' title='bbox 816 3145 906 3210; x_wconf 85' lang='lat' dir='ltr'>dicat</span> <span class='ocrx_word' id='word_1_242' title='bbox 944 3145 1182 3230; x_wconf 86' lang='lat' dir='ltr'>appetitionem</span> <span class='ocrx_word' id='word_1_243' title='bbox 1214 3166 1322 3209; x_wconf 89' lang='lat' dir='ltr'>rerum</span> <span class='ocrx_word' id='word_1_244' title='bbox 1358 3147 1400 3209; x_wconf 89' lang='lat' dir='ltr'>ad</span> 
     </span>
    </p>
   </div>
   <div class='ocr_carea' id='block_1_3' title="bbox 229 3297 1402 3845">
    <p class='ocr_par' dir='ltr' id='par_1_4' title="bbox 229 3297 1401 3437">
     <span class='ocr_line' id='line_1_29' title="bbox 232 3297 1401 3369; baseline 0.001 -17"><span class='ocrx_word' id='word_1_245' title='bbox 232 3299 338 3369; x_wconf 87' lang='lat' dir='ltr'>generis</span> <span class='ocrx_word' id='word_1_246' title='bbox 357 3300 449 3354; x_wconf 66' lang='lat' dir='ltr'>Mada</span> <span class='ocrx_word' id='word_1_247' title='bbox 469 3302 482 3365; x_wconf 68' lang='grc' dir='ltr'>ξ</span> <span class='ocrx_word' id='word_1_248' title='bbox 501 3304 586 3354; x_wconf 81' lang='lat' dir='ltr'>285a.</span> <span class='ocrx_word' id='word_1_249' title='bbox 656 3298 726 3352; x_wconf 89' lang='lat' dir='ltr'>Hoc</span> <span class='ocrx_word' id='word_1_250' title='bbox 745 3315 810 3352; x_wconf 92' lang='lat' dir='ltr'>non</span> <span class='ocrx_word' id='word_1_251' title='bbox 831 3299 984 3354; x_wconf 85' lang='lat' dir='ltr'>videres.</span> <span class='ocrx_word' id='word_1_252' title='bbox 1003 3318 1037 3354; x_wconf 83' lang='lat' dir='ltr'>au</span> <span class='ocrx_word' id='word_1_253' title='bbox 1055 3298 1085 3354; x_wconf 95' lang='lat' dir='ltr'>II</span> <span class='ocrx_word' id='word_1_254' title='bbox 1104 3303 1145 3361; x_wconf 91' lang='grc'>10,</span> <span class='ocrx_word' id='word_1_255' title='bbox 1164 3303 1206 3353; x_wconf 82' lang='lat'>29.</span> <span class='ocrx_word' id='word_1_256' title='bbox 1278 3317 1317 3354; x_wconf 93' lang='lat' dir='ltr'>ne</span> <span class='ocrx_word' id='word_1_257' title='bbox 1333 3297 1401 3354; x_wconf 90' lang='lat' dir='ltr'>hoc</span> 
     </span>
     <span class='ocr_line' id='line_1_30' title="bbox 229 3365 1122 3437; baseline 0.001 -16"><span class='ocrx_word' id='word_1_258' title='bbox 229 3367 367 3437; x_wconf 88' lang='lat' dir='ltr'>quidem</span> <span class='ocrx_word' id='word_1_259' title='bbox 385 3367 499 3422; x_wconf 84' lang='lat' dir='ltr'>modo:</span> <span class='ocrx_word' id='word_1_260' title='bbox 518 3369 548 3422; x_wconf 93' lang='grc' dir='ltr'><strong><em>Π</em></strong></span> <span class='ocrx_word' id='word_1_261' title='bbox 567 3371 608 3431; x_wconf 82' lang='grc'>12,</span> <span class='ocrx_word' id='word_1_262' title='bbox 627 3370 659 3420; x_wconf 77' lang='grc'>37</span> <span class='ocrx_word' id='word_1_263' title='bbox 679 3367 727 3423; x_wconf 90' lang='lat' dir='ltr'>sed</span> <span class='ocrx_word' id='word_1_264' title='bbox 745 3385 778 3422; x_wconf 89' lang='lat' dir='ltr'>ne</span> <span class='ocrx_word' id='word_1_265' title='bbox 795 3365 841 3422; x_wconf 91' lang='lat' dir='ltr'>illo</span> <span class='ocrx_word' id='word_1_266' title='bbox 860 3368 970 3437; x_wconf 88' lang='lat' dir='ltr'>quidem</span> <span class='ocrx_word' id='word_1_267' title='bbox 986 3368 1077 3422; x_wconf 89' lang='lat' dir='ltr'>modo.</span> <span class='ocrx_word' id='word_1_268' title='bbox 1111 3399 1122 3410; x_wconf 90' lang='lat'><em>-</em></span> 
     </span>
    </p>

    <p class='ocr_par' dir='ltr' id='par_1_5' title="bbox 229 3435 1402 3836">
     <span class='ocr_line' id='line_1_31' title="bbox 300 3435 1402 3507; baseline 0.002 -17"><span class='ocrx_word' id='word_1_269' title='bbox 300 3435 344 3490; x_wconf 74' lang='lat' dir='ltr'>w.</span> <span class='ocrx_word' id='word_1_270' title='bbox 380 3436 513 3507; x_wconf 84' lang='lat' dir='ltr'>Urgent</span> <span class='ocrx_word' id='word_1_271' title='bbox 539 3440 663 3491; x_wconf 87' lang='lat' dir='ltr'>tamen.</span> <span class='ocrx_word' id='word_1_272' title='bbox 698 3436 802 3506; x_wconf 80' lang='lat' dir='ltr'>Urgere</span> <span class='ocrx_word' id='word_1_273' title='bbox 820 3435 921 3492; x_wconf 81' lang='lat' dir='ltr'>drfickt</span> <span class='ocrx_word' id='word_1_274' title='bbox 945 3437 994 3490; x_wconf 83' lang='lat' dir='ltr'>das</span> <span class='ocrx_word' id='word_1_275' title='bbox 1012 3435 1240 3492; x_wconf 79' lang='lat' dir='ltr'>nachdriiokliche</span> <span class='ocrx_word' id='word_1_276' title='bbox 1258 3436 1402 3492; x_wconf 84' lang='lat' dir='ltr'>Baharren</span> 
     </span>
     <span class='ocr_line' id='line_1_32' title="bbox 229 3503 1402 3585; baseline 0.001 -26"><span class='ocrx_word' id='word_1_277' title='bbox 229 3504 259 3559; x_wconf 92' lang='lat' dir='ltr'>in</span> <span class='ocrx_word' id='word_1_278' title='bbox 277 3503 325 3559; x_wconf 85' lang='lat' dir='ltr'>dar</span> <span class='ocrx_word' id='word_1_279' title='bbox 341 3505 507 3576; x_wconf 82' lang='lat' dir='ltr'>Bahauptun</span> <span class='ocrx_word' id='word_1_280' title='bbox 545 3504 610 3559; x_wconf 86' lang='lat' dir='ltr'>oder</span> <span class='ocrx_word' id='word_1_281' title='bbox 626 3505 858 3585; x_wconf 82' lang='lat' dir='ltr'>Argumentation</span> <span class='ocrx_word' id='word_1_282' title='bbox 877 3524 943 3570; x_wconf 88' lang='lat' dir='ltr'>aus,</span> <span class='ocrx_word' id='word_1_283' title='bbox 970 3505 1099 3560; x_wconf 87' lang='lat' dir='ltr'>wodurch</span> <span class='ocrx_word' id='word_1_284' title='bbox 1116 3525 1182 3560; x_wconf 87' lang='lat' dir='ltr'>man</span> <span class='ocrx_word' id='word_1_285' title='bbox 1199 3505 1325 3560; x_wconf 82' lang='lat' dir='ltr'>Anderen</span> <span class='ocrx_word' id='word_1_286' title='bbox 1354 3505 1402 3560; x_wconf 90' lang='lat' dir='ltr'>die</span> 
     </span>
     <span class='ocr_line' id='line_1_33' title="bbox 229 3525 1401 3656; baseline 0.003 -29"><span class='ocrx_word' id='word_1_287' title='bbox 229 3573 424 3656; x_wconf 74' lang='lat' dir='ltr'>Zustimmung</span> <span class='ocrx_word' id='word_1_288' title='bbox 440 3525 589 3644; x_wconf 70' lang='lat' dir='ltr'>gleicbaam</span> <span class='ocrx_word' id='word_1_289' title='bbox 607 3572 745 3654; x_wconf 79' lang='lat' dir='ltr'>abdrmgt</span> <span class='ocrx_word' id='word_1_290' title='bbox 764 3573 922 3655; x_wconf 74' lang='lat' dir='ltr'>Sabbmann</span> <span class='ocrx_word' id='word_1_291' title='bbox 939 3594 973 3628; x_wconf 88' lang='lat' dir='ltr'>zu</span> <span class='ocrx_word' id='word_1_292' title='bbox 991 3574 1024 3629; x_wconf 88' lang='lat' dir='ltr'>de</span> <span class='ocrx_word' id='word_1_293' title='bbox 1042 3578 1100 3630; x_wconf 81' lang='lat' dir='ltr'>nat.</span> <span class='ocrx_word' id='word_1_294' title='bbox 1118 3573 1195 3628; x_wconf 85' lang='lat' dir='ltr'>deor..</span> <span class='ocrx_word' id='word_1_295' title='bbox 1208 3575 1281 3656; x_wconf 27' lang='lat'>11⁸8,</span> <span class='ocrx_word' id='word_1_296' title='bbox 1300 3579 1332 3628; x_wconf 79' lang='lat'>22</span> <span class='ocrx_word' id='word_1_297' title='bbox 1352 3594 1401 3630; x_wconf 86' lang='lat' dir='ltr'>ur·</span> 
     </span>
     <span class='ocr_line' id='line_1_34' title="bbox 229 3641 1402 3836; baseline 0.003 -73"><span class='ocrx_word' id='word_1_298' title='bbox 229 3646 460 3766; x_wconf 50' lang='lat' dir='ltr'>§flatilia</span> <span class='ocrx_word' id='word_1_299' title='bbox 481 3717 529 3774; x_wconf 88' lang='lat'>1,1</span> <span class='ocrx_word' id='word_1_300' title='bbox 549 3641 946 3781; x_wconf 52' lang='grc' dir='ltr'>ιὲᾚῖέιέἲιῗὲιῖἓῗέιῖἕιῗ</span> <span class='ocrx_word' id='word_1_301' title='bbox 955 3641 1402 3836; x_wconf 48' lang='grc' dir='ltr'>Ξιιὲιῗιίἓέἳρἲιὶἰξίιιὲἔὲξῖἳ</span> 
     </span>
    </p>

    <p class='ocr_par' dir='ltr' id='par_1_6' title="bbox 981 3799 1402 3845">
     <span class='ocr_line' id='line_1_35' title="bbox 981 3799 1402 3845; baseline 0.002 -10"><span class='ocrx_word' id='word_1_302' title='bbox 981 3823 987 3835; x_wconf 94' lang='grc'><strong>.</strong></span> <span class='ocrx_word' id='word_1_303' title='bbox 1030 3800 1049 3835; x_wconf 92' lang='lat' dir='ltr'>u</span> <span class='ocrx_word' id='word_1_304' title='bbox 1068 3799 1129 3835; x_wconf 89' lang='lat' dir='ltr'>uus</span> <span class='ocrx_word' id='word_1_305' title='bbox 1152 3800 1173 3834; x_wconf 90' lang='lat' dir='ltr'>s.</span> <span class='ocrx_word' id='word_1_306' title='bbox 1192 3799 1227 3835; x_wconf 88' lang='lat' dir='ltr'>zu</span> <span class='ocrx_word' id='word_1_307' title='bbox 1327 3823 1335 3845; x_wconf 91' lang='lat'>,</span> <span class='ocrx_word' id='word_1_308' title='bbox 1395 3825 1402 3836; x_wconf 92' lang='lat'><em>.</em></span> 
     </span>
    </p>
   </div>
   <div class='ocr_carea' id='block_1_4' title="bbox 229 3777 1400 4058">
    <p class='ocr_par' dir='ltr' id='par_1_7' title="bbox 229 3777 1400 4058">
     <span class='ocr_line' id='line_1_36' title="bbox 229 3777 1139 3900; baseline 0.004 -69"><span class='ocrx_word' id='word_1_309' title='bbox 229 3777 341 3900; x_wconf 61' lang='lat' dir='ltr'>gravius</span> <span class='ocrx_word' id='word_1_310' title='bbox 360 3779 531 3834; x_wconf 84' lang='lat' dir='ltr'>commoveri.</span> <span class='ocrx_word' id='word_1_311' title='bbox 567 3779 668 3850; x_wconf 86' lang='lat' dir='ltr'>Zumpt</span> <span class='ocrx_word' id='word_1_312' title='bbox 686 3783 699 3846; x_wconf 71' lang='grc' dir='ltr'><strong>ἓ</strong></span> <span class='ocrx_word' id='word_1_313' title='bbox 719 3785 777 3835; x_wconf 87' lang='grc'><strong>603.</strong></span> <span class='ocrx_word' id='word_1_314' title='bbox 796 3811 831 3822; x_wconf 86' lang='grc'>-</span> <span class='ocrx_word' id='word_1_315' title='bbox 848 3781 938 3836; x_wconf 85' lang='lat' dir='ltr'>Ueber</span> <span class='ocrx_word' id='word_1_316' title='bbox 1136 3843 1139 3850; x_wconf 32' lang='lat'>¹</span> 
     </span>
     <span class='ocr_line' id='line_1_37' title="bbox 255 3847 1400 3920; baseline 0.003 -19"><span class='ocrx_word' id='word_1_317' title='bbox 255 3888 261 3901; x_wconf 92' lang='lat'><em>.</em></span> <span class='ocrx_word' id='word_1_318' title='bbox 279 3847 442 3902; x_wconf 86' lang='lat' dir='ltr'>Scaevola</span> <span class='ocrx_word' id='word_1_319' title='bbox 460 3849 607 3911; x_wconf 80' lang='lat' dir='ltr'>s.zu14‚</span> <span class='ocrx_word' id='word_1_320' title='bbox 628 3853 667 3902; x_wconf 83' lang='lat'>12.</span> <span class='ocrx_word' id='word_1_321' title='bbox 716 3853 749 3904; x_wconf 87' lang='lat' dir='ltr'>et</span> <span class='ocrx_word' id='word_1_322' title='bbox 766 3851 867 3920; x_wconf 89' lang='lat' dir='ltr'>quasi</span> <span class='ocrx_word' id='word_1_323' title='bbox 886 3849 1190 3905; x_wconf 75' lang='lat' dir='ltr'>nihil—intersit.</span> <span class='ocrx_word' id='word_1_324' title='bbox 1210 3850 1270 3904; x_wconf 85' lang='lat' dir='ltr'>eine</span> <span class='ocrx_word' id='word_1_325' title='bbox 1287 3849 1400 3906; x_wconf 81' lang='lat' dir='ltr'>Anako-</span> 
     </span>
     <span class='ocr_line' id='line_1_38' title="bbox 230 3915 1400 3989; baseline 0.003 -19"><span class='ocrx_word' id='word_1_326' title='bbox 230 3915 325 3980; x_wconf 88' lang='lat' dir='ltr'>lnthie,</span> <span class='ocrx_word' id='word_1_327' title='bbox 344 3915 387 3970; x_wconf 88' lang='lat' dir='ltr'>die</span> <span class='ocrx_word' id='word_1_328' title='bbox 399 3915 486 3972; x_wconf 86' lang='lat' dir='ltr'>durch</span> <span class='ocrx_word' id='word_1_329' title='bbox 504 3917 547 3971; x_wconf 90' lang='lat' dir='ltr'>die</span> <span class='ocrx_word' id='word_1_330' title='bbox 564 3916 663 3987; x_wconf 85' lang='lat' dir='ltr'>langen</span> <span class='ocrx_word' id='word_1_331' title='bbox 675 3917 891 3974; x_wconf 71' lang='lat' dir='ltr'>Zwisohensttae</span> <span class='ocrx_word' id='word_1_332' title='bbox 904 3918 1092 3989; x_wconf 80' lang='lat' dir='ltr'>entschuldigt</span> <span class='ocrx_word' id='word_1_333' title='bbox 1104 3917 1179 3980; x_wconf 85' lang='lat' dir='ltr'>wird,</span> <span class='ocrx_word' id='word_1_334' title='bbox 1199 3923 1234 3973; x_wconf 90' lang='lat' dir='ltr'>st.</span> <span class='ocrx_word' id='word_1_335' title='bbox 1247 3920 1400 3989; x_wconf 85' lang='lat' dir='ltr'>autquasi,</span> 
     </span>
     <span class='ocr_line' id='line_1_39' title="bbox 230 3985 1161 4058; baseline 0.001 -19"><span class='ocrx_word' id='word_1_336' title='bbox 230 3985 427 4054; x_wconf 87' lang='lat' dir='ltr'>cntsprechend</span> <span class='ocrx_word' id='word_1_337' title='bbox 445 3986 507 4041; x_wconf 86' lang='lat' dir='ltr'>dem</span> <span class='ocrx_word' id='word_1_338' title='bbox 524 3989 614 4041; x_wconf 88' lang='lat' dir='ltr'>ersten</span> <span class='ocrx_word' id='word_1_339' title='bbox 632 3985 726 4041; x_wconf 79' lang='lat' dir='ltr'>Gliade</span> <span class='ocrx_word' id='word_1_340' title='bbox 744 3988 903 4058; x_wconf 84' lang='lat' dir='ltr'>quasivero</span> <span class='ocrx_word' id='word_1_341' title='bbox 922 3992 971 4043; x_wconf 89' lang='lat' dir='ltr'>aut</span> <span class='ocrx_word' id='word_1_342' title='bbox 989 3987 1161 4043; x_wconf 87' lang='lat' dir='ltr'>concedatur.</span> 
     </span>
    </p>
   </div>
   <div class='ocr_carea' id='block_1_5' title="bbox 532 4109 1094 4194">
    <p class='ocr_par' dir='ltr' id='par_1_8' title="bbox 532 4109 1094 4194">
     <span class='ocr_line' id='line_1_40' title="bbox 532 4109 1094 4194; baseline -0.004 -18"><span class='ocrx_word' id='word_1_343' title='bbox 532 4109 585 4175; x_wconf 90' lang='lat' dir='ltr'>IV.</span> <span class='ocrx_word' id='word_1_344' title='bbox 617 4110 756 4177; x_wconf 83' lang='lat' dir='ltr'>Schluss.</span> <span class='ocrx_word' id='word_1_345' title='bbox 801 4110 874 4194; x_wconf 83' lang='lat' dir='ltr'>Gap.</span> <span class='ocrx_word' id='word_1_346' title='bbox 898 4111 944 4190; x_wconf 85' lang='lat'>28,</span> <span class='ocrx_word' id='word_1_347' title='bbox 967 4113 1094 4179; x_wconf 82' lang='lat'><strong>78—80.</strong></span> 
     </span>
    </p>
   </div>
   <div class='ocr_carea' id='block_1_6' title="bbox 230 4226 1398 4367">
    <p class='ocr_par' dir='ltr' id='par_1_9' title="bbox 230 4226 1398 4367">
     <span class='ocr_line' id='line_1_41' title="bbox 298 4226 1398 4300; baseline 0.002 -20"><span class='ocrx_word' id='word_1_348' title='bbox 298 4227 353 4280; x_wconf 87' lang='lat' dir='ltr'>Der</span> <span class='ocrx_word' id='word_1_349' title='bbox 370 4226 553 4297; x_wconf 83' lang='lat' dir='ltr'>Hauptfehler</span> <span class='ocrx_word' id='word_1_350' title='bbox 571 4227 617 4282; x_wconf 86' lang='lat' dir='ltr'>des</span> <span class='ocrx_word' id='word_1_351' title='bbox 636 4228 774 4283; x_wconf 86' lang='lat' dir='ltr'>stoischcn</span> <span class='ocrx_word' id='word_1_352' title='bbox 791 4227 975 4298; x_wconf 79' lang='lat' dir='ltr'>Lehrbegriffs</span> <span class='ocrx_word' id='word_1_353' title='bbox 992 4229 1059 4300; x_wconf 87' lang='lat' dir='ltr'>liegt</span> <span class='ocrx_word' id='word_1_354' title='bbox 1078 4229 1173 4292; x_wconf 83' lang='lat' dir='ltr'>daria,</span> <span class='ocrx_word' id='word_1_355' title='bbox 1201 4229 1265 4283; x_wconf 88' lang='lat' dir='ltr'>dass</span> <span class='ocrx_word' id='word_1_356' title='bbox 1284 4245 1313 4282; x_wconf 88' lang='lat' dir='ltr'>cr</span> <span class='ocrx_word' id='word_1_357' title='bbox 1331 4229 1398 4284; x_wconf 84' lang='lat' dir='ltr'>awei</span> 
     </span>
     <span class='ocr_line' id='line_1_42' title="bbox 230 4297 906 4367; baseline 0.006 -19"><span class='ocrx_word' id='word_1_358' title='bbox 230 4297 483 4366; x_wconf 85' lang='lat' dir='ltr'>antgegengesatzte</span> <span class='ocrx_word' id='word_1_359' title='bbox 501 4297 652 4352; x_wconf 83' lang='lat' dir='ltr'>Ansichtcn</span> <span class='ocrx_word' id='word_1_360' title='bbox 670 4297 826 4367; x_wconf 84' lang='lat' dir='ltr'>bshaupten</span> <span class='ocrx_word' id='word_1_361' title='bbox 844 4297 906 4352; x_wconf 84' lang='lat' dir='ltr'>will.</span> 
     </span>
    </p>
   </div>
   <div class='ocr_carea' id='block_1_7' title="bbox 0 0 1479 4950">
    <p class='ocr_par' dir='ltr' id='par_1_10' title="bbox 0 0 1479 4950">
     <span class='ocr_line' id='line_1_43' title="bbox 0 0 1479 4950; baseline 0 0"><span class='ocrx_word' id='word_1_362' title='bbox 0 0 1479 4950; x_wconf 95' lang='lat' dir='ltr'> </span> 
     </span>
    </p>
   </div>
  </div>
 </body>
</html>
