2942 4950
258 305 321 368 204
493 302 543 356 Dld
560 301 712 357 FINIBUS
731 301 915 356 BONORUM
932 299 980 356 ET
998 300 1191 356 MALORUM

258 472 315 557 qui
336 473 395 538 illa
409 474 498 538 bona
514 494 585 538 esse
602 473 728 551 dicunt,
754 493 853 556 quam
868 472 968 551 Zeno,
994 470 1051 555 qui
1066 477 1182 555 negat,
1208 471 1310 553 longe
1327 491 1407 554 prae·

257 575 499 640 stantissimum
515 597 586 640 esse
610 575 699 659 quod
721 577 899 640 honestum
922 577 1012 639 esset
1032 580 1133 658 atque
1158 573 1336 652 laudabile,
1360 573 1408 636 sed

258 677 287 740 si
310 678 374 742 duo
399 680 539 742 honesta
562 677 732 762 proposita
755 676 833 754 sint,
859 678 1002 740 alterum
1018 697 1092 740 cum
1107 676 1315 753 valetudine,
1337 676 1408 738 alte·

257 803 330 844 rum
353 803 429 846 cum
451 783 578 859 morbo,
603 803 668 846 non
694 801 766 844 esse
790 780 939 859 dubium,
964 780 1006 844 ad
1029 789 1143 844 utrum
1169 803 1284 844 eorum
1305 783 1407 842 natura

257 907 317 949 nos
340 885 412 969 ipsa
434 885 617 950 deductura
639 883 694 963 sit,
719 885 778 949 sed
801 890 914 950 tamen
936 890 1066 948 tantam
1089 883 1158 948 vim
1177 905 1251 948 esse
1268 885 1406 948 honesta·

257 985 302 1050 tis
325 993 522 1070 tantumque
547 1007 619 1050 eam
642 985 741 1050 rebus
766 987 918 1051 omnibus
940 993 1109 1072 praestare
1133 991 1171 1050 et
1187 986 1358 1063 excellere,
1379 987 1407 1044 ut

257 1089 358 1154 nullis
381 1111 442 1153 nec
475 1087 646 1173 suppliciis
677 1110 738 1154 nee
771 1089 925 1173 praemiis
957 1087 1124 1153 demoveri
1158 1088 1269 1172 possit
1299 1109 1337 1151 ex
1366 1107 1405 1162 eo,

258 1191 345 1276 quod
367 1198 496 1256 rectum
519 1211 591 1254 esse
612 1190 807 1269 decreverit,
833 1191 1019 1275 omniaque,
1044 1213 1127 1273 quae
1145 1190 1241 1270 durs,
1266 1187 1404 1264 difficilia,

257 1294 396 1360 adversa
418 1294 605 1371 videantur,
631 1316 669 1358 ea
692 1293 873 1358 virtutibus
889 1294 941 1373 iis,
966 1293 1086 1377 quibus
1103 1317 1122 1357 a
1138 1302 1263 1358 natura
1278 1312 1404 1356 essemus

258 1397 377 1474 ornati,
402 1397 510 1465 obteri
531 1418 645 1481 posse:
670 1419 737 1460 non
760 1396 858 1461 facile
874 1396 933 1460 illa
949 1397 1084 1481 quidem
1098 1417 1162 1462 nec
1180 1393 1403 1461 contemnenda

223 1509 224 1514 ’
258 1521 320 1562 esse
341 1537 383 1546 —
407 1499 485 1583 quid
509 1499 596 1562 enim
620 1507 710 1563 esset
731 1500 765 1564 iu
797 1499 920 1564 virtute
951 1500 1105 1564 tantum?
1129 1539 1174 1548 -
1199 1500 1260 1563 sed
1290 1505 1327 1561 ut
1352 1499 1402 1560 hoc

256 1601 488 1680 indicaremus,
513 1624 579 1666 non
603 1623 675 1668 esse
698 1602 733 1666 in
756 1602 808 1666 his
824 1609 955 1686 partem
969 1602 1148 1666 maximam
1164 1601 1308 1687 positam
1322 1602 1400 1664 beate

258 1710 316 1768 aut
339 1725 434 1768 secus
457 1704 603 1768 vivendi.
650 1703 716 1789 (60)
750 1705 805 1770 Ad
828 1727 988 1769 summam
1013 1726 1068 1783 ea,
1093 1726 1180 1788 quae
1204 1705 1292 1794 Zeno
1321 1699 1399 1766 sesti·

257 1808 377 1871 manda
400 1815 435 1872 et
458 1801 618 1872 sumenda
640 1815 676 1870 et
702 1814 782 1892 apta
813 1811 948 1872 naturae
981 1829 1053 1872 esse
1085 1807 1193 1888 dixit,
1229 1808 1335 1872 eadem
1359 1801 1398 1865 illi

257 1910 346 1974 bone
369 1909 551 2000 appellant,
575 1911 680 1975 vitam
703 1918 815 1975 autem
837 1910 971 1976 beatam
994 1910 1046 1974 illi
1068 1933 1158 1990 eam,
1186 1933 1271 1996 quae
1293 1909 1394 1974 ocusta-

256 2019 308 2077 ret
331 2013 433 2076 exiis
456 2013 565 2091 rebus,
591 2034 672 2096 quas
696 2012 775 2091 dixi,
800 2020 855 2076 ool
878 2014 1014 2077 omuibus
1037 2023 1096 2078 aut
1119 2014 1274 2099 plurimis
1293 2017 1320 2075 et
1332 2029 1391 2092 gra·

256 2115 413 2180 vissimis.
473 2117 561 2180 Zeno
586 2127 708 2196 autem,
734 2116 824 2200 quod
846 2139 949 2195 suam,
975 2119 1063 2202 quod
1085 2118 1258 2204 propriam
1279 2111 1394 2198 speciem

259 2220 384 2284 habeat
406 2240 464 2284 our
487 2220 711 2304 appetendum
733 2220 789 2298 sit,
813 2220 847 2284 id
871 2220 1127 2286 solumbonum
1152 2221 1317 2306 appellat,
1336 2217 1396 2278 bea·

256 2328 325 2384 tam
350 2329 461 2387 autem
484 2321 589 2386 vitam
621 2344 693 2386 earn
725 2323 850 2400 solam,
884 2345 968 2405 quae
1000 2345 1074 2388 cum
1106 2324 1236 2389 virtute
1268 2322 1393 2403 degatur·

256 2423 372 2488 XXII.
401 2425 437 2487 si
461 2424 501 2488 de
524 2446 559 2488 re
583 2423 761 2509 disceptari
783 2431 928 2509 oportet,
953 2426 1047 2490 nulla
1069 2426 1154 2492 mihi
1177 2433 1298 2502 tecum,
1322 2421 1394 2490 Cato

296 2715 302 2727 ἱ
327 2645 377 2700 oi).
413 2647 691 2728 quinegatn'aml.
710 2647 928 2702 illebonaosss.
1033 2635 1397 2720 utnullisnecsnppl}¹
1447 2633 1448 2638 ¹

257 2715 323 2769 ciis
340 2733 400 2768 nec
417 2716 582 2785 praemiis
601 2719 653 2771 etc.
688 2715 740 2770 Die
757 2715 932 2785 Negationen
949 2717 1036 2771 heben
1053 2717 1113 2772 sich
1130 2718 1213 2772 nicht
1230 2715 1284 2777 auf,
1301 2709 1352 2766 weil
1365 2703 1397 2782 dle

260 2784 354 2838 aweite
373 2785 433 2849 (nec
451 2813 484 2822 -
503 2787 562 2850 nec)
581 2783 624 2839 die
641 2788 712 2839 erste
730 2785 834 2850 (nullis)
860 2785 899 2838 im
926 2785 1063 2841 einzelnen
1090 2787 1231 2842 ausfiihrt.
1265 2784 1318 2844 16,
1337 2778 1362 2829 ¹¹
1376 2790 1396 2824 ¹¹

259 2871 313 2922 quo
331 2850 401 2906 nihil
418 2869 466 2905 nec
484 2871 622 2907 summum
640 2871 688 2908 neo
705 2854 829 2908 infimum
847 2871 895 2908 nec
913 2853 1033 2909 medium
1051 2873 1100 2910 neo
1117 2857 1249 2911 ultimum
1272 2867 1317 2905 nec
1332 2847 1394 2900 extre·

258 2940 334 2976 mum
353 2920 398 2974 sit.
436 2925 476 2984 12,
495 2925 528 2973 40
558 2921 631 2975 nullo
659 2921 751 2976 dolore
769 2939 817 2975 nec
835 2921 999 2992 impediente
1016 2941 1064 2978 neo
1082 2925 1264 2996 impendente.
1297 2917 1330 2971 ib·
1346 2915 1356 2976 l
1371 2911 1393 2960 4¹

258 2989 333 3044 nulle.
345 2993 488 3111 lpraeterea
506 3007 592 3059 neque
609 2991 746 3062 praesenti
763 3008 850 3060 neque
867 2995 1022 3063 exspectata
1039 2993 1189 3116 voluptate.
1227 2995 1266 3053 16,
1284 2990 1315 3040 5⁰
1330 2984 1356 3036 ¹¹¹
1369 2975 1394 3054 ¹¹¹

258 3077 289 3112 ea
307 3076 345 3112 nu
366 3077 382 3112 o
401 3057 482 3112 modo
500 3076 548 3112 nec
567 3059 657 3113 divelli
675 3078 725 3115 nec
742 3058 860 3114 distrahi
877 3061 992 3132 possint.
1021 3067 1095 3125 19,6
1132 3061 1236 3118 nnllam
1254 3047 1394 3112 existimat
1446 3057 1447 3074 ³

258 3143 315 3180 esse
332 3143 380 3180 nec
398 3125 433 3181 sd
451 3125 547 3182 melius
565 3127 711 3182 vivendum
729 3146 777 3182 nee
795 3129 830 3183 sd
848 3129 1016 3185 commodius
1034 3130 1222 3186 disserendum
1239 3125 1301 3181 vim.
1326 3115 1394 3174 1119,

258 3199 290 3249 63
309 3195 382 3250 nullo
400 3213 449 3250 nec
465 3197 602 3267 praesenti
619 3215 667 3252 neo
685 3198 779 3252 futuro
798 3197 903 3264 dolore;
933 3199 970 3254 ib.
989 3199 1063 3253 nulla
1082 3217 1130 3254 noo
1148 3199 1278 3254 adiuncta
1294 3205 1337 3246 nec
1354 3197 1394 3254 spe·

256 3268 318 3318 rata
336 3266 482 3336 voluptate.
517 3266 558 3320 IV
578 3271 618 3327 14,
638 3270 670 3320 36
689 3267 792 3322 nullam
812 3266 842 3321 in
860 3284 890 3322 eo
909 3287 943 3323 ne
963 3287 996 3322 ue
1015 3268 1100 3322 animi
1119 3285 1206 3338 neque
1224 3257 1335 3332 corporis
1349 3265 1392 3323 ΡΨ

257 3336 313 3387 tem
331 3351 445 3388 vacuam
463 3334 551 3388 tutela
569 3335 745 3406 reliquerunt.
783 3339 823 3399 19,
842 3339 874 3389 52
902 3355 919 3390 n
960 3355 976 3390 a
999 3337 1036 3390 sit
1053 3337 1084 3390 in
1102 3337 1194 3391 dolore
1212 3351 1258 3388 nee
1277 3329 1344 3382 fraus
1359 3331 1394 3373 11θῦ

256 3401 1394 3543 {cerrenuuurslirinense-..emeim.¹20ss

326 3539 379 3596 60.
414 3539 464 3594 Ad
481 3559 643 3594 summam
667 3547 722 3594 ‘um
741 3541 805 3596 elles
823 3516 1078 3597 kurz’zusammena
1111 3544 1206 3604 assen',
1225 3537 1273 3593 wie
1290 3529 1392 3602 denilll·
1445 3599 1446 3606 ¹

257 3607 290 3661 de
307 3607 352 3662 off.
370 3609 385 3662 I
403 3613 445 3670 41,
466 3613 515 3662 149
533 3607 578 3662 Ad
595 3627 740 3674 summam,
757 3627 793 3664 ne
811 3629 893 3680 agam
910 3611 943 3666 de
970 3612 993 3665 si
1061 3612 1103 3675 is,
1131 3622 1297 3667 communem
1323 3599 1393 3650 totius
1445 3607 1446 3634 1

255 3677 361 3744 generis
388 3677 531 3731 hominurn
558 3677 776 3732 conciliationem
795 3697 952 3734 -servare
980 3680 1012 3734 de
1033 3698 1117 3735 emus.
1152 3679 1187 3734 ad
1204 3677 1263 3731 Aa.
1282 3667 1331 3723 VH
1347 3658 1392 3723 ¹›¹

255 3744 300 3798 Ad
318 3763 470 3810 summam,
500 3762 547 3800 mo
565 3763 597 3800 rr.
615 3763 704 3801 rrum.
739 3747 809 3802 XIV
828 3754 883 3811 1‚1
913 3748 947 3803 ad
975 3767 1124 3813 summam,
1153 3765 1208 3803 non
1233 3755 1307 3814 posse
1324 3734 1392 3804 rste9⁰

258 3811 398 3869 sicabire.
474 3818 533 3869 aut
551 3815 708 3870 omnibus
726 3821 787 3870 aut
804 3817 965 3886 plurimis
983 3821 1015 3872 et
1056 3813 1261 3872 rarissimis.
1294 3805 1391 3860 D³⁸³¹¹¹

258 3881 321 3936 dem
347 3881 456 3936 hdschr.
475 3888 524 3938 aut
540 3883 665 3954 plurimis
684 3888 733 3939 aut
750 3885 919 3956 gravissimis
947 3887 991 3941 ein
1043 3886 1116 3941 ehler
1142 3884 1258 3942 sisenes,
1284 3863 1393 3929 01¹¹¹¹¹¹¹¹¹⁰

257 3949 429 4030 Wesenberg.
465 3951 521 4006 Cic.
540 3956 611 4022 sagi,
630 3951 679 4008 das
697 3954 737 4008 sei
754 3955 824 4009 nach
839 3955 916 4035 jener
933 3955 1050 4010 Ansioht
1068 3955 1117 4010 das
1135 3947 1294 4028 gliieksslige
1310 3935 1390 4019 usbon.

257 4017 307 4072 das
324 4036 363 4072 rm
376 4019 497 4074 Genusse
515 4021 580 4076 aller
596 4021 686 4093 Dinge
704 4023 769 4077 oder
786 4041 855 4078 wenr
889 4029 951 4079 tens
969 4023 1016 4078 der
1034 4026 1148 4079 meisten
1165 4019 1222 4076 und
1242 4003 1389 4074 mehllg‘oen
1444 4029 1445 4032 ’

258 4087 395 4142 derselben
413 4087 532 4144 bestehe.
559 4090 621 4160 vgt
641 4109 663 4146 e.
683 4095 707 4155 6,
727 4097 759 4146 15
777 4093 852 4147 omni
871 4112 903 4147 us
921 4095 972 4147 aut
990 4093 1115 4148 maximis
1132 4091 1211 4148 rebus
1227 4086 1268 4146 iis,
1285 4089 1345 4148 (1¹⁸⁰
1359 4082 1388 4119 ὅθ’

257 4155 377 4212 cundum
395 4161 524 4212 naturam
543 4159 587 4222 sit,
607 4159 743 4215 fruentem
760 4161 856 4216 vivere.
894 4167 934 4225 11,
953 4166 987 4215 27
1005 4161 1104 4216 hebere
1126 4181 1164 4226 ea,
1182 4173 1249 4228 quae
1264 4137 1389 4204 secundum

257 4229 386 4281 naturam
405 4227 468 4292 sint,
487 4228 529 4282 vel
547 4228 639 4283 omnia
656 4229 699 4284 vel
715 4229 833 4300 plurima
852 4234 880 4284 et
898 4229 1026 4284 maxima.
1064 4235 1104 4294 13,
1123 4235 1157 4284 34
1182 4227 1209 4281 id
1235 4236 1286 4275 non
1309 4210 1351 4285 811¹
1364 4215 1388 4252 ⁶¹

257 4295 379 4350 omnium
398 4315 491 4352 esrum
510 4301 559 4352 aut
577 4315 608 4352 ex
625 4297 806 4368 plurimarum
826 4303 853 4353 et
865 4300 1046 4354 maximarum
1059 4298 1223 4371 appetitione
1234 4277 1387 4344 concluditur·
