3020 4948
231 289 272 351 60
461 285 512 340 Dll
530 285 681 340 FINIBUS
699 283 884 340 BONORUM
902 285 949 339 ET
968 283 1159 339 MALORUM

230 479 271 522 ex
299 457 427 520 duabus
456 455 563 520 iacere
594 455 771 534 conamini,
804 455 892 540 quod
919 453 991 518 fieri
1017 455 1110 520 nullo
1139 457 1236 520 modo
1265 461 1393 540 potest.

230 561 309 639 Hic,
336 560 392 646 qui
414 566 588 644 utrumque
612 560 746 643 probat,
776 559 937 624 ambobus
961 559 1078 624 debuit
1101 559 1165 638 uti,
1195 560 1283 624 siout
1310 558 1398 623 facit

228 687 274 744 re,
299 686 405 748 neque
428 672 542 728 tamen
565 662 682 728 dividit
702 663 823 728 verbis.
856 662 938 728 Cum
957 663 1044 726 enim
1066 685 1137 727 eam
1162 663 1267 748 ipsam
1297 664 1395 727 volu·

228 774 367 853 ptatem,
393 791 490 852 quam
506 768 622 832 eodem
638 767 769 830 nomine
793 787 906 830 omnes
930 766 1146 850 appellamus,
1171 767 1287 831 laudat
1309 766 1397 831 locis

228 870 389 956 plurimis,
414 870 514 934 audet
537 868 656 949 dicere,
680 891 721 933 ne
746 868 918 954 suspiciari
940 867 1071 952 quidem
1091 891 1127 933 se
1145 869 1252 934 ullum
1268 870 1397 934 bonum

229 958 416 1040 seiunctum
439 974 480 1038 ab
504 973 562 1036 illo
580 972 771 1056 Aristippeo
789 994 910 1057 genere
927 967 1125 1058 voluptatis,¹
1149 979 1250 1057 atque
1266 973 1313 1037 ibi
1328 975 1399 1038 hoc

136 1147 138 1158 Α
229 1077 326 1156 dicit,
356 1075 415 1141 ubi
442 1075 548 1139 omnis
579 1075 648 1139 eius
677 1083 730 1140 est
760 1074 864 1139 oratio
895 1075 1086 1139 desummo
1115 1076 1215 1140 bono.
1261 1077 1303 1140 In
1327 1076 1397 1141 alio

228 1201 304 1244 vero
333 1180 435 1259 libre,
468 1178 503 1242 in
531 1201 594 1262 quo
626 1177 770 1242 breviter
803 1177 1050 1262 comprehensis
1082 1177 1287 1262 gravissimis
1319 1200 1397 1242 sen·

227 1282 343 1347 tentiis
373 1281 466 1366 quasi
495 1281 626 1344 oracula
656 1280 799 1345 edidisse
828 1279 1010 1366 sapientiae
1036 1281 1172 1361 dicitur,
1202 1280 1318 1346 scribit
1340 1280 1398 1346 his

228 1385 349 1464 verbis,
375 1407 458 1469 quae
482 1391 564 1448 nota
578 1384 641 1448 tibi
656 1383 819 1468 profecto,
844 1385 1020 1468 Torquate,
1046 1393 1140 1448 sunt:
1157 1423 1199 1434 -
1216 1384 1289 1469 quis
1306 1384 1396 1448 enim

227 1496 376 1552 vestrum
406 1510 473 1552 non
506 1487 642 1552 edidicit
672 1485 807 1571 Epicuri
843 1490 961 1572 κυρίας
993 1486 1113 1572 δόξας,
1150 1487 1185 1551 id
1217 1496 1269 1550 est
1300 1489 1398 1571 quasi

228 1590 368 1656 maxime
391 1598 490 1669 ratas,
517 1590 593 1674 quia
615 1589 829 1674 gravissimae
853 1589 920 1653 sint
943 1589 985 1654 ad
1007 1591 1106 1654 beate
1126 1589 1304 1654 vivendum
1318 1591 1397 1655 bre·

229 1695 314 1759 viter
338 1694 528 1758 enuntiatae
554 1691 760 1760 sententiae?
783 1731 825 1740 -
848 1692 1087 1757 Animadverte
1111 1691 1229 1780 igiturl,
1259 1699 1400 1758 rectene

227 1799 314 1861 hanc
330 1795 528 1862 sententiam
544 1795 759 1880 interpreter:
785 1792 844 1878 (21)
870 1796 921 1859 ‘Si
945 1816 994 1875 ea,
1020 1817 1103 1880 quae
1120 1804 1199 1860 sunt
1214 1795 1395 1860 luxuriosis

228 1900 404 1966 efficientia
430 1901 658 1985 voluptatum,
693 1898 874 1963 liberarent
903 1920 958 1963 eos
987 1900 1124 1964 deorum
1152 1905 1186 1962 et
1213 1899 1330 1964 mortis
1360 1907 1393 1964 et

228 2003 351 2068 doloris
374 2009 466 2066 metu
490 2003 722 2085 docerentque,
748 2000 803 2085 qui
827 2008 940 2064 essent
954 2001 1037 2066 fines
1054 2000 1286 2086 cupiditatum,
1310 2000 1391 2064 nihil

227 2106 435 2184 haberemus,
460 2107 541 2190 quod
561 2106 856 2190 reprehenderemus,
881 2125 956 2168 cum
979 2104 1124 2189 undique
1149 2104 1394 2188 complerentur

227 2207 456 2293 voluptatibus
484 2227 544 2271 nec
574 2207 736 2272 haberent
762 2207 832 2270 ulla
860 2213 1017 2291 exparte
1040 2206 1167 2290 aliquid
1195 2213 1253 2269 aut
1276 2205 1396 2269 dolens

227 2314 284 2374 aut
307 2331 453 2392 aegrum,
478 2308 511 2372 id
536 2316 588 2372 est
610 2315 721 2372 autem
744 2305 892 2371 malum!
976 2361 979 2370 ,

313 2412 386 2474 Hoc
413 2413 488 2474 loco
516 2418 630 2476 tenere
659 2432 694 2474 se
717 2410 861 2475 Triarius
890 2432 957 2474 non
980 2409 1103 2496 potuit.
1152 2409 1313 2490 Obsecro,
1340 2407 1395 2472 in·

228 2512 315 2597 quit,
345 2513 528 2596 Torquate,
560 2515 642 2576 haec
671 2511 752 2576 dicit
780 2511 963 2595 Epicurus?
1014 2511 1114 2576 Quod
1146 2512 1228 2576 mihi
1260 2509 1396 2596 quidem

228 2617 317 2681 visus
342 2625 410 2697 est,
441 2638 515 2680 cum
539 2616 653 2696 sciret,
683 2616 770 2680 velle
793 2623 907 2680 tamen
931 2617 1149 2682 confitentem
1176 2615 1287 2681 audire
1311 2615 1395 2680 'llor-
1508 2672 1509 2683 ,

229 2729 376 2805 quatum.
424 2725 472 2784 At
494 2721 551 2785 ille
575 2743 641 2785 non
664 2720 836 2806 pertimuit
859 2742 1003 2804 saneque
1032 2721 1190 2800 fidenter,
1214 2718 1295 2784 Istis
1321 2719 1395 2805 qui-

229 2825 303 2886 dem
326 2823 406 2907 ipsis
431 2824 538 2887 verbis
546 2873 555 2903 ,
580 2823 704 2908 inquit,
735 2823 794 2888 sed
817 2823 896 2907 quid
919 2823 1057 2904 sentiat,
1088 2847 1154 2888 non
1177 2822 1309 2888 videtis.
1359 2822 1396 2886 Si
1508 2910 1509 2923 χ

228 2926 293 2990 alia
316 2927 431 3005 sentit,
455 2927 600 3011 inquam,
626 2927 690 2992 alia
712 2927 869 3011 loquitur,
894 2951 1063 3011 nunquam
1081 2927 1287 3010 intellegam,
1312 2925 1394 3009 quid

228 3182 383 3263 besonders,
402 3182 491 3237 damit
509 3183 546 3236 du
564 3182 643 3264 nicht
659 3182 778 3264 glaubst,
798 3200 825 3236 es
844 3183 916 3237 selon
934 3202 986 3237 nur
1004 3165 1133 3238 zweierlei
1151 3182 1259 3262 Wortc3
1327 3177 1395 3260 pbi

229 3270 341 3307 omnls
361 3252 434 3307 eius
454 3255 505 3306 est
524 3257 650 3306 oratro:
669 3271 698 3305 m
716 3251 763 3306 der
781 3251 885 3306 Schrift
903 3257 969 3327 περὶ
987 3255 1097 3316 τέλους.
1152 3269 1233 3306 vero
1251 3269 1290 3304 ιιιι
1307 3247 1394 3304 Smne

228 3321 301 3375 einer
319 3321 445 3392 Steigeru
491 3320 709 3444 :hollendeff'a
727 3323 825 3392 sogar’.
843 3321 889 3375 111
907 3326 930 3384 1,
948 3326 972 3374 4.
993 3321 1034 3375 IV
1054 3325 1095 3382 18,
1114 3324 1156 3374 50.
1244 3318 1321 3388 quis
1338 3335 1392 3372 re-

229 3397 338 3444 strum
357 3409 452 3444 none
481 3389 552 3444 idit
571 3394 622 3446 etc.
701 3389 759 3444 icur
776 3389 941 3444 veranlasste
968 3389 1040 3443 seine
1059 3389 1186 3454 Schfiler,
1210 3387 1259 3442 das
1283 3405 1338 3442 was
1364 3405 1395 3441 er

228 3460 310 3513 ihnen
330 3459 496 3523 mittheilte,
523 3458 584 3514 dem
602 3458 784 3514 Gedfichtniss
803 3458 859 3514 sest
876 3458 1065 3528 einzupr‘agen.
1102 3457 1184 3544 Diog.
1202 3457 1293 3512 Laert.
1312 3455 1339 3510 X
1359 3459 1394 3509 12

230 3528 280 3607 e'yri
305 3533 373 3592 ναζε
393 3528 424 3584 δὲ
445 3565 473 3572 -
494 3530 562 3592 τοὺς
580 3533 743 3606 γνωρίμους
761 3533 809 3582 καὶ
828 3527 876 3582 διὰ
894 3527 1006 3600 μνήμης
1032 3530 1109 3596 ἔχειν
1133 3548 1168 3580 τα
1194 3526 1301 3581 ἑαυτοῦ
1325 3546 1393 3602 cvp-

229 3619 309 3676 wau
319 3619 409 3718 1qu
427 3684 462 3719 ea
481 3683 563 3735 quae
581 3669 660 3719 sunt
678 3668 728 3718 etc.
746 3664 827 3734 Diog.
846 3664 937 3718 Laert.
955 3663 982 3716 X
1003 3667 1052 3742 142
1070 3664 1113 3718 Εἰ
1130 3665 1163 3717 τὰ
1183 3663 1316 3734 ποιητικὰ
1334 3667 1393 3718 τῶν

230 3739 296 3808 περὶ
314 3735 382 3819 νοὸς
401 3732 667 3823 οἰσιότους,ἡδονῶν1
681 3736 746 3820 {tue
765 3735 833 3818 rqaig
852 3731 965 3804 φόβους
983 3739 1032 3819 τῆς
1051 3733 1187 3822 διανοίας
1202 3732 1269 3822 topic
1281 3751 1311 3786 re
1324 3737 1394 3819 nepa*

229 3803 1393 3958 &beretz,ttttt‘ttlttttttlttf’,ttttssttttttttttfit’tttt

231 3942 485 4027 sirnlqpoopdroeg
511 3945 566 3994 τῶν
595 3940 707 4010 ἡδονῶν
726 3945 774 3994 καὶ
794 3939 967 4013 οὖδαμοθεν
988 3939 1053 3995 οὔτε
1076 3941 1107 3995 τὸ
1134 3939 1241 4016 ἀλγοῦν
1266 3937 1332 3993 οὔτε
1355 3939 1392 3994 τὸ

230 4010 413 4081 λυπουμενον
432 4011 557 4077 ἔχουσιν,
579 3997 649 4083 ὅπερ
670 4011 729 4065 ἐστὶ
748 4011 778 4064 τὸ
798 4010 895 4065 κακόν.
971 4008 1036 4062 uod
1054 4007 1394 4078 reprehenderemus

229 4077 267 4131 ist
285 4077 315 4130 in
333 4077 523 4131 sammtliohen
541 4076 661 4132 Hdschr.
680 4077 858 4148 ausgefallen,
885 4027 1005 4132 offenbar
1023 4095 1114 4146 wegen
1133 4076 1180 4131 der
1197 4074 1396 4131 Aehnliohlreit

230 4146 278 4199 der
294 4145 443 4201 Endsilben
461 4145 508 4200 der
526 4146 615 4200 Verba
634 4145 805 4212 (haberemur
826 4177 854 4187 -
875 4145 1149 4219 reprehenderemus).
1222 4148 1338 4199 tenere
1356 4163 1396 4200 se

231 4234 296 4269 non
314 4215 448 4286 potuit:
485 4234 522 4269 or.
541 4235 567 4286 p.
586 4215 674 4269 Sestio
693 4219 734 4280 55,
755 4221 803 4270 117
822 4217 866 4270 vix
886 4235 912 4270 se
929 4215 1045 4286 populus
1063 4214 1205 4269 Romanus
1224 4213 1313 4268 tenuit
1331 4213 1395 4269 und

231 4284 283 4338 mit
301 4283 452 4354 folgendem
472 4285 538 4354 quin
556 4283 640 4338 Aced.
658 4285 688 4339 Π
706 4289 730 4346 4,
752 4289 782 4338 12
802 4303 849 4340 nec
869 4303 896 4338 se
914 4283 1012 4346 tenuit,
1032 4283 1098 4354 quin
1117 4287 1212 4338 contra
1230 4301 1310 4338 suum
1328 4280 1394 4336 doc-
