2974 4950
18 385 21 393 Δ
396 306 459 362 Ius.
479 305 511 359 V.
547 306 612 362 Ore.
631 306 765 362 XXVIII.
803 310 830 373 §5
850 313 960 363 83-86.
1197 315 1257 379 211

17 415 27 444 r

15 459 26 544 1
64 469 175 549 liberi,
204 472 344 539 misera
372 476 511 539 orbitas:
537 477 661 540 bonum
684 478 802 562 patria,
827 479 983 544 miserum
1007 480 1174 545 exsilium:
1201 483 1259 546 bo·

14 581 16 634 ζ
64 593 145 634 num
180 575 366 640 valetudo
373 627 382 656 ,
421 577 522 642 miser
553 580 703 643 morbus:
739 581 861 644 bonum
893 581 1069 666 integritas
1102 583 1257 668 corporis,

64 672 189 740 misera
227 678 418 744 debilitas:
454 683 577 756 benum
608 681 783 746 incolumis
816 684 919 762 acics,
954 684 1073 748 misera
1105 685 1257 764 caecitas,

13 787 14 790 ’
64 776 162 842 Quae
188 781 221 843 si
246 789 379 866 potest
400 784 532 868 singula
548 786 749 850 consolando
765 788 886 866 levare,
910 788 1063 852 universa
1079 811 1143 872 quo
1160 790 1258 853 modo

64 878 288 947 sustinebit?
342 885 393 949 Sit
416 885 502 950 enim
520 886 608 950 idern
625 908 752 966 caecus,
778 888 908 967 debilis,
932 890 1047 953 morbo
1064 889 1258 973 gravissimo

65 981 227 1064 affectus,
257 988 377 1065 exsul,
402 989 513 1067 orbus,
538 1009 651 1072 egens,
677 995 872 1073 torqueatur
895 991 1025 1054 eculeo:
1052 1012 1148 1074 quem
1171 992 1258 1054 huno

65 1086 239 1168 appellas,
261 1091 382 1158 Zeno?
405 1091 556 1170 Beatum,
574 1093 694 1176 inquit.
720 1093 1091 1161 Etiambeatissimum?
1115 1093 1257 1178 Quippe,

11 1259 12 1278 Χ
64 1183 220 1269 inquiet,
261 1213 347 1256 cum
378 1193 546 1258 docuerim
568 1194 691 1278 gradus
715 1195 813 1259 istam
836 1218 905 1259 rem
928 1219 995 1259 non
1017 1196 1113 1278 mopa's
1136 1195 1259 1260 habere

11 1297 12 1316 ³
66 1309 170 1369 quam
195 1293 392 1374 virtutem,
425 1297 458 1360 in
488 1319 553 1380 qua
575 1297 621 1360 sit
642 1297 750 1382 ipsum
774 1296 875 1361 etiam
898 1299 1046 1362 beatum.
1094 1296 1160 1381 (85)
1184 1297 1259 1361 'Pibi

11 1415 17 1481 i
65 1390 131 1455 hoc
156 1393 392 1476 incredibile,
418 1400 505 1483 quo'd
529 1399 767 1464 beatissimum.
816 1400 927 1468 Quid?
958 1409 1054 1466 tuum
1078 1401 1257 1465 credibile?

10 1505 14 1594 1
68 1493 104 1556 81
129 1497 229 1563 enim
255 1502 307 1566 ad
329 1503 488 1586 populum
512 1526 563 1567 me
587 1525 703 1582 vocas,
737 1525 829 1581 eum,
863 1504 918 1587 qui
951 1503 999 1568 ita
1031 1505 1075 1567 sit
1107 1505 1256 1582 affectus,

10 1609 15 1704 p
68 1595 214 1665 beatum
243 1625 325 1668 esse
355 1628 522 1688 nunquam
552 1606 726 1690 probabis:
761 1606 788 1668 si
811 1606 852 1669 ad
884 1606 1082 1691 prudentes,
1117 1607 1260 1670 alterum

70 1697 221 1769 fortasse
249 1707 478 1787 dubitabunt,
503 1709 590 1773 sitne
612 1715 745 1772 tantum
768 1709 803 1772 in
825 1709 970 1788 virtute,
996 1716 1034 1772 ut
1057 1730 1095 1773 ea
1118 1709 1259 1794 praediti

9 1849 10 1852 η
72 1805 126 1866 vel
150 1807 189 1870 in
214 1810 414 1875 Phalaridis
438 1816 533 1876 tauro
556 1812 648 1876 beati
671 1812 755 1890 sint,
789 1813 929 1876 alterum
953 1835 1019 1876 non
1043 1812 1256 1891 dubitabunt,

9 1915 10 1920 ’
74 1906 156 1986 quin
182 1917 222 1974 et
249 1913 360 1977 Stoici
384 1912 615 1978 convenientia
643 1915 707 1978 sibi
736 1914 849 1977 dicant
878 1923 912 1978 et
941 1937 1001 1977 vos
1024 1913 1256 1998 repugnantia.

9 2083 11 2104 Σ
74 2006 317 2096 Theophrasti
338 2015 457 2099 igitur,
490 2016 612 2101 inquit,
647 2016 710 2081 tibi
741 2017 826 2080 liber
856 2016 913 2080 ille
943 2016 1055 2099 placet
1086 2016 1127 2079 de
1158 2015 1258 2078 beata

8 2133 10 2146 ³
76 2108 169 2182 vita?
195 2116 332 2182 Tamen
354 2118 543 2182 aberramus
566 2143 585 2182 a
607 2118 788 2204 proposito,
815 2125 859 2196 et,
884 2140 925 2181 no
941 2117 1086 2199 longius,
1111 2139 1255 2200 prorsus,

77 2207 235 2297 inquam,
265 2219 355 2297 Piso,
381 2219 407 2283 si
431 2219 497 2284 ista
520 2221 607 2284 mala
630 2227 719 2299 sunt,
744 2221 867 2304 placet.
915 2219 981 2303 (86)
1005 2219 1125 2284 Nonne
1140 2218 1255 2301 igitur,

79 2311 211 2400 inquit,
243 2321 310 2386 tibi
338 2321 493 2386 videntur
524 2323 632 2390 mala?
677 2322 718 2385 Id
750 2321 896 2405 quaeris,
928 2322 1079 2405 inquam,
1113 2320 1146 2385 in
1178 2343 1254 2404 quo,

78 2423 195 2486 utrum
223 2424 445 2510 respondero,
479 2446 590 2489 verses
622 2431 657 2489 te
689 2426 755 2489 huc
787 2431 886 2510 atquc
919 2423 1000 2487 illuc
1032 2445 1168 2488 necesse
1192 2431 1256 2488 est.

7 2617 8 2620 Ἴ
82 2519 159 2586 Quo
184 2527 328 2592 tandem
351 2525 473 2591 modo?
495 2527 615 2612 inquit.
662 2527 759 2605 Quia,
785 2527 813 2591 si
835 2528 922 2590 mala
946 2531 1033 2605 sunt,
1058 2525 1097 2604 is,
1123 2527 1257 2610 quierit

8 2661 9 2667 κ
80 2622 193 2707 iniis,
220 2630 345 2694 beatus
368 2651 434 2694 non
458 2631 535 2695 erit:
562 2630 701 2695 si'mala
723 2654 789 2694 non
812 2638 907 2709 sunt,
931 2629 1020 2693 iacet
1043 2628 1148 2693 omnis
1172 2628 1257 2693 ratio

84 2845 223 2922 Quippe
244 2851 407 2916 ‘natiirlich’,
426 2852 605 2915 versichernd‚
624 2853 702 2907 nicht
719 2853 846 2908 ironisch.
917 2851 1030 2922 ipsum
1048 2852 1156 2906 etiam
1169 2850 1255 2920 'bea-

85 2919 175 2972 tum:
195 2920 311 2976 beatum
330 2919 404 2974 steht
421 2920 638 2976 substantivisch
656 2921 702 2975 fiir
719 2921 777 2975 vlta
796 2921 884 2976 beata.
903 2921 965 2991 Vgl.
983 2922 1013 2975 II
1032 2924 1072 2983 28,
1092 2924 1124 2974 92
1144 2919 1256 2974 beatum

86 3001 144 3040 esse
163 2987 299 3045 describit
315 2989 359 3043 his
377 2989 432 3044 fere
449 2990 546 3045 verbis.
582 2990 679 3059 Spater
705 2991 848 3044 versuchte
874 2989 929 3043 Cic.
949 2989 998 3042 das
1025 2989 1118 3043 Subst.
1137 2987 1256 3042 beatitas

87 3055 146 3131 pud
164 3056 310 3113 beatitudo
328 3057 359 3111 in
377 3058 419 3112 die
436 3058 484 3112 lat.
503 3057 621 3140 Sprache
639 3057 830 3112 einzuiiihren:
850 3057 883 3111 de
901 3061 958 3111 nat.
977 3057 1048 3111 deor.
1067 3058 1083 3111 I
1101 3061 1142 3120 34,
1155 3061 1187 3109 95
1207 3059 1256 3110 aut

87 3125 153 3185 1sta‚
173 3126 231 3182 sive
249 3127 368 3182 beatitas
386 3127 442 3181 sive
459 3125 602 3181 beatitudo
620 3126 734 3179 dicenda
752 3129 794 3180 est
811 3157 843 3166 —
863 3129 1010 3194 utrumque
1023 3125 1134 3178 omnino
1147 3124 1255 3188 durum,

88 3191 136 3246 sed
155 3213 210 3250 usu
228 3196 373 3250 mollienda
391 3195 469 3250 nobis
488 3195 569 3250 verba
588 3197 704 3249 sunt-.

160 3262 212 3319 85.
249 3265 335 3335 quod
353 3263 593 3320 beatissimum
611 3263 694 3318 nami.
712 3262 789 3316 dicit.
862 3262 1009 3316 alterum
1028 3261 1183 3314 fortasse
1202 3260 1254 3314 du-

90 3326 261 3388 bitabunt
279 3335 380 3404 Zumpt
399 3336 412 3398 ξ
432 3338 490 3387 385.
588 3332 622 3387 in
639 3330 838 3386 Phalaridis
856 3334 958 3385 tauro
976 3348 998 3384 s.
1017 3348 1051 3383 au
1068 3330 1098 3384 H
1116 3332 1158 3392 21,
1179 3333 1211 3382 88
1230 3329 1254 3383 si

90 3403 197 3456 uratur.
285 3403 373 3457 Theo
401 3402 563 3456 hrasti-
582 3401 668 3456 liber
686 3420 707 3456 s.
725 3420 760 3455 zu
778 3417 800 3454 c.
818 3404 843 3462 5,
863 3403 904 3453 12.
991 3417 1031 3453 ne
1050 3398 1105 3452 lon
1137 3396 1205 3451 ius:
1226 3398 1256 3450 II

93 3468 133 3530 30,
153 3474 187 3524 96
205 3489 239 3524 ne
257 3471 336 3541 longe
354 3420 457 3526 adeam.
477 3474 517 3534 95,
538 3474 587 3524 118
604 3471 645 3524 Ao
663 3487 696 3524 ne
713 3472 792 3542 plura
810 3468 979 3591 coerplectar.
1016 3485 1054 3521 or.
1073 3466 1101 3520 in
1146 3485 1195 3520 err.
1213 3467 1255 3520 IV

92 3537 133 3600 39,
152 3543 185 3593 85
204 3539 248 3593 Ne
266 3541 361 3594 multa.
380 3538 412 3593 de
431 3557 485 3593 sen.
504 3543 546 3602 21,
565 3543 598 3592 18
616 3538 688 3605 Quid
707 3539 810 3593 multa?
874 3536 936 3591 eber
954 3536 997 3590 die
1015 3536 1098 3590 llorm
1117 3534 1164 3589 der
1180 3553 1254 3604 prae

99 3604 164 3660 cisio
185 3628 206 3662 s.
225 3608 258 3662 Se
278 3608 340 3662 ffert
358 3607 447 3662 Schol.
465 3607 513 3662 lat.
531 3609 546 3661 I
564 3607 590 3661 S.
610 3612 651 3661 81.

113 3741 119 3753 ,
163 3675 214 3732 Sd·
278 3695 365 3731 onne
383 3676 509 3747 igitur,
528 3676 657 3798 impuit
676 3675 744 3730 tibi
762 3673 924 3729 videntur
941 3673 1043 3727 mala?
1062 3671 1109 3727 ‘sis
1127 3671 1256 3725 scheineu-

94 3739 135 3795 dlr
153 3746 211 3800 also
229 3745 308 3800 nicht
325 3745 350 3800 d.
368 3745 395 3798 h.
413 3745 492 3799 keine
509 3744 582 3799 Uebe
599 3747 617 3798 l'
652 3745 720 3798 Man
738 3744 814 3798 sollte
832 3762 888 3798 non
905 3745 976 3796 statt
999 3759 1089 3796 nonne
1115 3744 1253 3804 erwarten,

94 3809 157 3868 aber
175 3832 265 3869 nonne
282 3815 320 3868 ist
338 3813 564 3868 handschriftlioh
583 3813 697 3883 bezeugt
715 3813 771 3866 und
789 3811 864 3866 steht
881 3812 1045 3881 keineswegs
1062 3810 1122 3865 blos
1147 3809 1177 3863 in
1204 3808 1253 3864 sol·

96 3878 162 3937 chen
179 3885 295 3954 Fragen,
314 3883 366 3936 auf
380 3880 423 3936 die
441 3901 506 3936 man
524 3882 582 3936 eino
600 3881 748 3950 bejahende
765 3882 892 3936 Antwort
910 3883 1041 3935 erwartet.
1078 3897 1116 3934 or.
1134 3898 1160 3950 p.
1173 3879 1254 3933 Rosc.

95 3951 185 4006 Amor.
203 3956 245 4017 29,
263 3956 297 4005 80
315 3969 405 4006 nonne
422 3951 527 4020 cogitas
545 3954 573 4006 te
592 3969 607 4004 a
626 3949 776 4005 sectoribus
793 3949 846 4004 huc
864 3949 1014 4004 adductum
1032 3953 1107 4002 esse?
1142 3948 1220 4001 Tusc.
1239 3947 1254 4002 1

96 4019 119 4078 8,
139 4025 170 4075 11
189 4019 280 4087 Quid?
299 4020 324 4074 si
341 4023 368 4074 te
385 4037 514 4090 rogavero
532 4019 644 4089 aliquid,
663 4037 752 4072 nonne
769 4018 961 4088 respondebis?
996 4035 1034 4072 or.
1054 4017 1083 4070 iu
1101 4016 1160 4071 cac
1179 4017 1194 4069 I
1213 4020 1253 4078 11,

98 4087 128 4139 21
146 4089 326 4144 Nonnehuno
344 4089 373 4142 in
392 4089 499 4143 vincula
517 4088 588 4150 duci,
608 4105 662 4141 non
681 4087 716 4141 ad
734 4092 850 4141 mortem
867 4088 935 4156 rapi,
954 4104 1008 4140 uon
1027 4105 1134 4140 summo
1152 4084 1252 4153 suppli·

98 4154 136 4210 cio
155 4159 270 4214 mactari
288 4157 451 4228 imperabis?
522 4160 637 4211 utrum
661 4179 685 4203 =
707 4159 924 4278 utrumcumlpue.
960 4156 996 4209 8ο
1014 4155 1064 4208 hat
1082 4157 1143 4208 uter
1160 4151 1252 4206 rorall-

115 4227 284 4282 emeinemde
301 4227 444 4282 Bedeutun
490 4225 561 4280 noch
587 4244 623 4278 an
649 4224 794 4294 folgenden
811 4223 857 4277 ste
877 4242 922 4277 cn:
960 4241 997 4277 or.
1036 4223 1132 4278 .Sest.
1151 4227 1192 4284 42,
1211 4225 1252 4275 92.

98 4240 150 4348 liv.
167 4296 197 4350 iu
215 4295 312 4352 caecil.
332 4300 372 4360 14,
391 4299 431 4348 45.
475 4294 521 4349 hil.
540 4294 612 4350 XIII
631 4299 671 4358 19,
690 4298 730 4347 40.
758 4293 788 4345 in
805 4291 861 4347 Pis.
881 4297 920 4356 12,
938 4296 980 4346 21.
1010 4242 1043 4346 de
1061 4291 1144 4346 divin.
1163 4291 1193 4344 Π
1211 4293 1256 4353 56,
