<?xml version="1.0" encoding="UTF-8"?>
<!DOCTYPE html PUBLIC "-//W3C//DTD XHTML 1.0 Transitional//EN"
    "http://www.w3.org/TR/xhtml1/DTD/xhtml1-transitional.dtd">
<html xmlns="http://www.w3.org/1999/xhtml" xml:lang="en" lang="en">
 <head>
  <title>
</title>
<meta http-equiv="Content-Type" content="text/html;charset=utf-8" />
  <meta name='ocr-system' content='tesseract 3.04.00' />
  <meta name='ocr-capabilities' content='ocr_page ocr_carea ocr_par ocr_line ocrx_word'/>
</head>
<body>
  <div class='ocr_page' id='page_1' title='image "./definibusbonoru00holsgoog_0252.png"; bbox 0 0 2942 4950; ppageno 0'>
   <div class='ocr_carea' id='block_1_1' title="bbox 228 313 1164 402">
    <p class='ocr_par' dir='ltr' id='par_1_1' title="bbox 228 313 1164 402">
     <span class='ocr_line' id='line_1_1' title="bbox 228 313 1164 402; baseline -0.017 1"><span class='ocrx_word' id='word_1_1' title='bbox 228 339 295 402; x_wconf 83' lang='lat'><strong>230</strong></span> <span class='ocrx_word' id='word_1_2' title='bbox 467 335 518 390; x_wconf 86' lang='lat' dir='ltr'><strong>nn</strong></span> <span class='ocrx_word' id='word_1_3' title='bbox 536 333 687 390; x_wconf 72' lang='lat' dir='ltr'><strong>smnus</strong></span> <span class='ocrx_word' id='word_1_4' title='bbox 706 333 891 390; x_wconf 79' lang='lat' dir='ltr'><strong>eonoeuu</strong></span> <span class='ocrx_word' id='word_1_5' title='bbox 908 333 956 388; x_wconf 80' lang='lat' dir='ltr'><strong>er</strong></span> <span class='ocrx_word' id='word_1_6' title='bbox 974 313 1164 388; x_wconf 77' lang='lat' dir='ltr'><strong>nanoeuu</strong></span> 
     </span>
    </p>
   </div>
   <div class='ocr_carea' id='block_1_2' title="bbox 227 501 1386 2230">
    <p class='ocr_par' dir='ltr' id='par_1_2' title="bbox 227 501 1386 2230">
     <span class='ocr_line' id='line_1_2' title="bbox 229 501 1385 590; baseline -0.008 -17"><span class='ocrx_word' id='word_1_7' title='bbox 229 510 342 574; x_wconf 91' lang='lat' dir='ltr'><strong>autem</strong></span> <span class='ocrx_word' id='word_1_8' title='bbox 365 527 438 570; x_wconf 90' lang='lat' dir='ltr'><strong>cum</strong></span> <span class='ocrx_word' id='word_1_9' title='bbox 461 506 636 570; x_wconf 91' lang='lat' dir='ltr'><strong>honestate</strong></span> <span class='ocrx_word' id='word_1_10' title='bbox 660 506 716 570; x_wconf 88' lang='lat' dir='ltr'><strong>vel</strong></span> <span class='ocrx_word' id='word_1_11' title='bbox 730 505 913 590; x_wconf 87' lang='lat' dir='ltr'><strong>voluptatis</strong></span> <span class='ocrx_word' id='word_1_12' title='bbox 929 504 984 569; x_wconf 87' lang='lat' dir='ltr'><strong>vel</strong></span> <span class='ocrx_word' id='word_1_13' title='bbox 999 527 1067 569; x_wconf 92' lang='lat' dir='ltr'><strong>non</strong></span> <span class='ocrx_word' id='word_1_14' title='bbox 1082 502 1218 568; x_wconf 91' lang='lat' dir='ltr'><strong>dolendi</strong></span> <span class='ocrx_word' id='word_1_15' title='bbox 1233 501 1385 586; x_wconf 87' lang='lat' dir='ltr'><strong>idipsum</strong></span> 
     </span>
     <span class='ocr_line' id='line_1_3' title="bbox 228 603 1385 692; baseline -0.004 -19"><span class='ocrx_word' id='word_1_16' title='bbox 228 610 418 686; x_wconf 91' lang='lat' dir='ltr'><strong>honestum,</strong></span> <span class='ocrx_word' id='word_1_17' title='bbox 444 607 533 692; x_wconf 91' lang='lat' dir='ltr'><strong>quod</strong></span> <span class='ocrx_word' id='word_1_18' title='bbox 547 606 706 692; x_wconf 88' lang='lat' dir='ltr'><strong>amplecti</strong></span> <span class='ocrx_word' id='word_1_19' title='bbox 721 607 808 682; x_wconf 85' lang='lat' dir='ltr'><strong>vult,</strong></span> <span class='ocrx_word' id='word_1_20' title='bbox 832 607 867 670; x_wconf 92' lang='lat' dir='ltr'><strong>id</strong></span> <span class='ocrx_word' id='word_1_21' title='bbox 890 605 996 671; x_wconf 80' lang='lat' dir='ltr'><strong>efficit</strong></span> <span class='ocrx_word' id='word_1_22' title='bbox 1017 612 1125 690; x_wconf 86' lang='lat' dir='ltr'><strong>turpe.</strong></span> <span class='ocrx_word' id='word_1_23' title='bbox 1149 605 1205 670; x_wconf 77' lang='lat' dir='ltr'><strong>Ae</strong></span> <span class='ocrx_word' id='word_1_24' title='bbox 1228 625 1282 669; x_wconf 92' lang='lat' dir='ltr'><strong>eas</strong></span> <span class='ocrx_word' id='word_1_25' title='bbox 1304 603 1385 670; x_wconf 90' lang='lat' dir='ltr'><strong>enim</strong></span> 
     </span>
     <span class='ocr_line' id='line_1_4' title="bbox 229 705 1386 794; baseline -0.005 -20"><span class='ocrx_word' id='word_1_26' title='bbox 229 731 282 774; x_wconf 90' lang='lat' dir='ltr'><strong>res</strong></span> <span class='ocrx_word' id='word_1_27' title='bbox 304 709 426 774; x_wconf 85' lang='lat' dir='ltr'><strong>referre</strong></span> <span class='ocrx_word' id='word_1_28' title='bbox 450 730 533 792; x_wconf 87' lang='lat' dir='ltr'><strong>quae</strong></span> <span class='ocrx_word' id='word_1_29' title='bbox 557 731 655 794; x_wconf 84' lang='lat' dir='ltr'><strong>agas,</strong></span> <span class='ocrx_word' id='word_1_30' title='bbox 680 729 819 793; x_wconf 87' lang='lat' dir='ltr'><strong>quarum</strong></span> <span class='ocrx_word' id='word_1_31' title='bbox 842 729 907 773; x_wconf 91' lang='lat' dir='ltr'><strong>una</strong></span> <span class='ocrx_word' id='word_1_32' title='bbox 913 756 923 787; x_wconf 96' lang='lat'><strong>,</strong></span> <span class='ocrx_word' id='word_1_33' title='bbox 949 707 977 771; x_wconf 92' lang='lat' dir='ltr'><strong>si</strong></span> <span class='ocrx_word' id='word_1_34' title='bbox 1000 706 1072 791; x_wconf 91' lang='lat' dir='ltr'><strong>quis</strong></span> <span class='ocrx_word' id='word_1_35' title='bbox 1096 707 1182 772; x_wconf 90' lang='lat' dir='ltr'><strong>malo</strong></span> <span class='ocrx_word' id='word_1_36' title='bbox 1208 712 1332 784; x_wconf 88' lang='lat' dir='ltr'><strong>eareat,</strong></span> <span class='ocrx_word' id='word_1_37' title='bbox 1355 705 1386 768; x_wconf 93' lang='lat' dir='ltr'><strong>in</strong></span> 
     </span>
     <span class='ocr_line' id='line_1_5' title="bbox 230 806 1385 890; baseline -0.003 -16"><span class='ocrx_word' id='word_1_38' title='bbox 230 833 358 876; x_wconf 89' lang='lat' dir='ltr'><strong>summo</strong></span> <span class='ocrx_word' id='word_1_39' title='bbox 388 832 463 874; x_wconf 91' lang='lat' dir='ltr'><strong>eum</strong></span> <span class='ocrx_word' id='word_1_40' title='bbox 494 811 582 875; x_wconf 92' lang='lat' dir='ltr'><strong>bono</strong></span> <span class='ocrx_word' id='word_1_41' title='bbox 612 809 701 875; x_wconf 88' lang='lat' dir='ltr'><strong>dicat</strong></span> <span class='ocrx_word' id='word_1_42' title='bbox 724 831 813 890; x_wconf 90' lang='lat' dir='ltr'><strong>esse,</strong></span> <span class='ocrx_word' id='word_1_43' title='bbox 849 810 955 875; x_wconf 86' lang='lat' dir='ltr'><strong>altera</strong></span> <span class='ocrx_word' id='word_1_44' title='bbox 987 812 1138 875; x_wconf 87' lang='lat' dir='ltr'><strong>versetur</strong></span> <span class='ocrx_word' id='word_1_45' title='bbox 1164 809 1198 872; x_wconf 90' lang='lat' dir='ltr'><strong>in</strong></span> <span class='ocrx_word' id='word_1_46' title='bbox 1224 806 1385 872; x_wconf 83' lang='lat' dir='ltr'><strong>levissima</strong></span> 
     </span>
     <span class='ocr_line' id='line_1_6' title="bbox 229 908 1384 997; baseline -0.003 -21"><span class='ocrx_word' id='word_1_47' title='bbox 229 919 324 997; x_wconf 87' lang='lat' dir='ltr'><strong>parte</strong></span> <span class='ocrx_word' id='word_1_48' title='bbox 347 919 496 991; x_wconf 80' lang='lat' dir='ltr'><strong>naturae,</strong></span> <span class='ocrx_word' id='word_1_49' title='bbox 522 913 731 978; x_wconf 73' lang='lat' dir='ltr'><strong>obscurantis</strong></span> <span class='ocrx_word' id='word_1_50' title='bbox 753 920 806 978; x_wconf 91' lang='lat' dir='ltr'><strong>est</strong></span> <span class='ocrx_word' id='word_1_51' title='bbox 821 935 952 978; x_wconf 90' lang='lat' dir='ltr'><strong>omnem</strong></span> <span class='ocrx_word' id='word_1_52' title='bbox 967 913 1178 997; x_wconf 80' lang='lat' dir='ltr'>splendorem</span> <span class='ocrx_word' id='word_1_53' title='bbox 1192 908 1384 988; x_wconf 69' lang='lat' dir='ltr'>honestatis,</span> 
     </span>
     <span class='ocr_line' id='line_1_7' title="bbox 229 1013 1385 1100; baseline -0.003 -21"><span class='ocrx_word' id='word_1_54' title='bbox 229 1034 271 1078; x_wconf 92' lang='lat' dir='ltr'><strong>ne</strong></span> <span class='ocrx_word' id='word_1_55' title='bbox 295 1014 639 1099; x_wconf 88' lang='lat' dir='ltr'><strong>dicaminquinantis.</strong></span> <span class='ocrx_word' id='word_1_56' title='bbox 685 1017 829 1081; x_wconf 75' lang='lat' dir='ltr'><strong>Restant</strong></span> <span class='ocrx_word' id='word_1_57' title='bbox 852 1015 968 1094; x_wconf 90' lang='lat' dir='ltr'><strong>Stoici,</strong></span> <span class='ocrx_word' id='word_1_58' title='bbox 994 1014 1060 1100; x_wconf 93' lang='lat' dir='ltr'><strong>qui,</strong></span> <span class='ocrx_word' id='word_1_59' title='bbox 1086 1037 1161 1079; x_wconf 92' lang='lat' dir='ltr'><strong>cum</strong></span> <span class='ocrx_word' id='word_1_60' title='bbox 1184 1038 1203 1078; x_wconf 92' lang='lat' dir='ltr'><strong>a</strong></span> <span class='ocrx_word' id='word_1_61' title='bbox 1225 1013 1385 1099; x_wconf 83' lang='lat' dir='ltr'><strong>Peripate·</strong></span> 
     </span>
     <span class='ocr_line' id='line_1_8' title="bbox 230 1115 1385 1196; baseline -0.003 -15"><span class='ocrx_word' id='word_1_62' title='bbox 230 1116 307 1181; x_wconf 90' lang='lat' dir='ltr'><strong>ticis</strong></span> <span class='ocrx_word' id='word_1_63' title='bbox 340 1125 375 1182; x_wconf 90' lang='lat' dir='ltr'><strong>et</strong></span> <span class='ocrx_word' id='word_1_64' title='bbox 406 1116 615 1183; x_wconf 77' lang='lat' dir='ltr'><strong>Academicis</strong></span> <span class='ocrx_word' id='word_1_65' title='bbox 650 1119 759 1184; x_wconf 88' lang='lat' dir='ltr'><strong>omnia</strong></span> <span class='ocrx_word' id='word_1_66' title='bbox 791 1119 1062 1196; x_wconf 71' lang='lat' dir='ltr'><strong>transtulissent,</strong></span> <span class='ocrx_word' id='word_1_67' title='bbox 1096 1117 1286 1183; x_wconf 90' lang='lat' dir='ltr'><strong>nominibus</strong></span> <span class='ocrx_word' id='word_1_68' title='bbox 1319 1115 1385 1181; x_wconf 84' lang='lat' dir='ltr'><strong>ahie</strong></span> 
     </span>
     <span class='ocr_line' id='line_1_9' title="bbox 231 1219 1383 1306; baseline -0.005 -22"><span class='ocrx_word' id='word_1_69' title='bbox 231 1220 366 1284; x_wconf 89' lang='lat' dir='ltr'><strong>easdem</strong></span> <span class='ocrx_word' id='word_1_70' title='bbox 387 1241 440 1284; x_wconf 90' lang='lat' dir='ltr'><strong>res</strong></span> <span class='ocrx_word' id='word_1_71' title='bbox 461 1221 568 1286; x_wconf 90' lang='lat' dir='ltr'><strong>secuti</strong></span> <span class='ocrx_word' id='word_1_72' title='bbox 588 1228 677 1288; x_wconf 88' lang='lat' dir='ltr'><strong>sunt.</strong></span> <span class='ocrx_word' id='word_1_73' title='bbox 714 1221 786 1286; x_wconf 90' lang='lat' dir='ltr'><strong>Hos</strong></span> <span class='ocrx_word' id='word_1_74' title='bbox 809 1228 924 1286; x_wconf 89' lang='lat' dir='ltr'><strong>eontra</strong></span> <span class='ocrx_word' id='word_1_75' title='bbox 939 1221 1089 1306; x_wconf 75' lang='lat' dir='ltr'><strong>singulos</strong></span> <span class='ocrx_word' id='word_1_76' title='bbox 1106 1221 1172 1286; x_wconf 91' lang='lat' dir='ltr'><strong>dici</strong></span> <span class='ocrx_word' id='word_1_77' title='bbox 1189 1226 1242 1285; x_wconf 91' lang='lat' dir='ltr'><strong>est</strong></span> <span class='ocrx_word' id='word_1_78' title='bbox 1257 1219 1383 1284; x_wconf 89' lang='lat' dir='ltr'><strong>melius:</strong></span> 
     </span>
     <span class='ocr_line' id='line_1_10' title="bbox 231 1321 1386 1409; baseline -0.001 -24"><span class='ocrx_word' id='word_1_79' title='bbox 231 1321 289 1386; x_wconf 88' lang='lat' dir='ltr'><strong>sed</strong></span> <span class='ocrx_word' id='word_1_80' title='bbox 311 1343 409 1402; x_wconf 91' lang='lat' dir='ltr'><strong>nunc,</strong></span> <span class='ocrx_word' id='word_1_81' title='bbox 434 1324 522 1406; x_wconf 92' lang='lat' dir='ltr'><strong>quod</strong></span> <span class='ocrx_word' id='word_1_82' title='bbox 545 1324 685 1409; x_wconf 84' lang='lat' dir='ltr'><strong>agimus,</strong></span> <span class='ocrx_word' id='word_1_83' title='bbox 711 1325 752 1388; x_wconf 91' lang='lat' dir='ltr'><strong>de</strong></span> <span class='ocrx_word' id='word_1_84' title='bbox 775 1324 853 1402; x_wconf 91' lang='lat' dir='ltr'><strong>illis,</strong></span> <span class='ocrx_word' id='word_1_85' title='bbox 879 1346 954 1389; x_wconf 91' lang='lat' dir='ltr'><strong>cum</strong></span> <span class='ocrx_word' id='word_1_86' title='bbox 975 1325 1136 1389; x_wconf 84' lang='lat' dir='ltr'><strong>volemus.</strong></span> <span class='ocrx_word' id='word_1_87' title='bbox 1184 1321 1248 1406; x_wconf 81' lang='grc'><strong>(23)</strong></span> <span class='ocrx_word' id='word_1_88' title='bbox 1273 1322 1386 1386; x_wconf 91' lang='lat' dir='ltr'><strong>Demo-</strong></span> 
     </span>
     <span class='ocr_line' id='line_1_11' title="bbox 232 1423 1384 1513; baseline -0.003 -25"><span class='ocrx_word' id='word_1_89' title='bbox 232 1423 307 1488; x_wconf 86' lang='lat' dir='ltr'><strong>criti</strong></span> <span class='ocrx_word' id='word_1_90' title='bbox 328 1431 439 1489; x_wconf 86' lang='lat' dir='ltr'><strong>autem</strong></span> <span class='ocrx_word' id='word_1_91' title='bbox 456 1427 626 1505; x_wconf 83' lang='lat' dir='ltr'><strong>securitas,</strong></span> <span class='ocrx_word' id='word_1_92' title='bbox 652 1448 735 1511; x_wconf 88' lang='lat' dir='ltr'><strong>quae</strong></span> <span class='ocrx_word' id='word_1_93' title='bbox 752 1435 803 1491; x_wconf 88' lang='lat' dir='ltr'><strong>est</strong></span> <span class='ocrx_word' id='word_1_94' title='bbox 819 1427 920 1493; x_wconf 89' lang='lat' dir='ltr'><strong>animi</strong></span> <span class='ocrx_word' id='word_1_95' title='bbox 938 1427 1138 1513; x_wconf 90' lang='lat' dir='ltr'><strong>[tamquam]</strong></span> <span class='ocrx_word' id='word_1_96' title='bbox 1155 1424 1384 1510; x_wconf 85' lang='lat' dir='ltr'><strong>tranquillitas,</strong></span> 
     </span>
     <span class='ocr_line' id='line_1_12' title="bbox 227 1525 1384 1614; baseline 0 -26"><span class='ocrx_word' id='word_1_97' title='bbox 227 1547 330 1608; x_wconf 87' lang='lat' dir='ltr'><strong>quam</strong></span> <span class='ocrx_word' id='word_1_98' title='bbox 362 1529 533 1612; x_wconf 85' lang='lat' dir='ltr'><strong>appellant</strong></span> <span class='ocrx_word' id='word_1_99' title='bbox 565 1528 746 1612; x_wconf 76' lang='grc' dir='ltr'><strong>εὐθυμίαν,</strong></span> <span class='ocrx_word' id='word_1_100' title='bbox 783 1551 822 1594; x_wconf 93' lang='lat' dir='ltr'><strong>eo</strong></span> <span class='ocrx_word' id='word_1_101' title='bbox 855 1529 1036 1614; x_wconf 86' lang='lat' dir='ltr'><strong>separanda</strong></span> <span class='ocrx_word' id='word_1_102' title='bbox 1064 1527 1129 1592; x_wconf 90' lang='lat' dir='ltr'><strong>fuit</strong></span> <span class='ocrx_word' id='word_1_103' title='bbox 1157 1528 1198 1592; x_wconf 92' lang='lat' dir='ltr'><strong>ab</strong></span> <span class='ocrx_word' id='word_1_104' title='bbox 1234 1529 1297 1590; x_wconf 88' lang='lat' dir='ltr'><strong>hac</strong></span> <span class='ocrx_word' id='word_1_105' title='bbox 1328 1525 1384 1589; x_wconf 92' lang='lat' dir='ltr'><strong>dis·</strong></span> 
     </span>
     <span class='ocr_line' id='line_1_13' title="bbox 230 1627 1385 1716; baseline -0.002 -25"><span class='ocrx_word' id='word_1_106' title='bbox 230 1627 420 1712; x_wconf 90' lang='lat' dir='ltr'><strong>putatione,</strong></span> <span class='ocrx_word' id='word_1_107' title='bbox 455 1631 531 1714; x_wconf 89' lang='lat' dir='ltr'><strong>quia</strong></span> <span class='ocrx_word' id='word_1_108' title='bbox 559 1631 625 1695; x_wconf 91' lang='lat' dir='ltr'><strong>ista</strong></span> <span class='ocrx_word' id='word_1_109' title='bbox 655 1631 756 1696; x_wconf 91' lang='lat' dir='ltr'><strong>animi</strong></span> <span class='ocrx_word' id='word_1_110' title='bbox 789 1631 1017 1716; x_wconf 89' lang='lat' dir='ltr'><strong>tranquillitas</strong></span> <span class='ocrx_word' id='word_1_111' title='bbox 1051 1653 1089 1695; x_wconf 88' lang='lat' dir='ltr'><strong>ea</strong></span> <span class='ocrx_word' id='word_1_112' title='bbox 1117 1636 1170 1694; x_wconf 89' lang='lat' dir='ltr'><strong>est</strong></span> <span class='ocrx_word' id='word_1_113' title='bbox 1196 1629 1270 1714; x_wconf 88' lang='lat' dir='ltr'><strong>ipsa</strong></span> <span class='ocrx_word' id='word_1_114' title='bbox 1297 1628 1385 1692; x_wconf 90' lang='lat' dir='ltr'><strong>beata</strong></span> 
     </span>
     <span class='ocr_line' id='line_1_14' title="bbox 232 1730 1383 1819; baseline -0.002 -24"><span class='ocrx_word' id='word_1_115' title='bbox 232 1730 316 1795; x_wconf 87' lang='lat' dir='ltr'><strong>vita:</strong></span> <span class='ocrx_word' id='word_1_116' title='bbox 351 1733 537 1815; x_wconf 85' lang='lat' dir='ltr'><strong>quaerimus</strong></span> <span class='ocrx_word' id='word_1_117' title='bbox 570 1738 691 1814; x_wconf 89' lang='lat' dir='ltr'><strong>autem,</strong></span> <span class='ocrx_word' id='word_1_118' title='bbox 725 1757 791 1800; x_wconf 92' lang='lat' dir='ltr'><strong>non</strong></span> <span class='ocrx_word' id='word_1_119' title='bbox 815 1755 898 1819; x_wconf 89' lang='lat' dir='ltr'><strong>quae</strong></span> <span class='ocrx_word' id='word_1_120' title='bbox 922 1734 983 1813; x_wconf 91' lang='lat' dir='ltr'><strong>sit,</strong></span> <span class='ocrx_word' id='word_1_121' title='bbox 1017 1734 1076 1798; x_wconf 88' lang='lat' dir='ltr'><strong>sed</strong></span> <span class='ocrx_word' id='word_1_122' title='bbox 1103 1733 1191 1798; x_wconf 90' lang='lat' dir='ltr'><strong>unde</strong></span> <span class='ocrx_word' id='word_1_123' title='bbox 1221 1732 1276 1796; x_wconf 87' lang='lat' dir='ltr'><strong>sit.</strong></span> <span class='ocrx_word' id='word_1_124' title='bbox 1321 1732 1383 1794; x_wconf 90' lang='lat' dir='ltr'><strong>Iam</strong></span> 
     </span>
     <span class='ocr_line' id='line_1_15' title="bbox 233 1833 1382 1922; baseline -0.001 -26"><span class='ocrx_word' id='word_1_125' title='bbox 233 1834 387 1918; x_wconf 86' lang='lat' dir='ltr'><strong>explosae</strong></span> <span class='ocrx_word' id='word_1_126' title='bbox 411 1835 602 1922; x_wconf 89' lang='lat' dir='ltr'><strong>eiectaeque</strong></span> <span class='ocrx_word' id='word_1_127' title='bbox 626 1837 809 1902; x_wconf 87' lang='lat' dir='ltr'><strong>sententiae</strong></span> <span class='ocrx_word' id='word_1_128' title='bbox 832 1837 1031 1922; x_wconf 89' lang='lat' dir='ltr'><strong>Pyrrhonis,</strong></span> <span class='ocrx_word' id='word_1_129' title='bbox 1065 1834 1250 1914; x_wconf 83' lang='lat' dir='ltr'><strong>Aristonis,</strong></span> <span class='ocrx_word' id='word_1_130' title='bbox 1286 1833 1382 1911; x_wconf 82' lang='lat' dir='ltr'><strong>Erilli,</strong></span> 
     </span>
     <span class='ocr_line' id='line_1_16' title="bbox 233 1937 1384 2025; baseline -0.002 -25"><span class='ocrx_word' id='word_1_131' title='bbox 233 1937 321 2021; x_wconf 92' lang='lat' dir='ltr'><strong>quod</strong></span> <span class='ocrx_word' id='word_1_132' title='bbox 344 1937 378 2001; x_wconf 94' lang='lat' dir='ltr'><strong>in</strong></span> <span class='ocrx_word' id='word_1_133' title='bbox 401 1939 489 2003; x_wconf 91' lang='lat' dir='ltr'><strong>huno</strong></span> <span class='ocrx_word' id='word_1_134' title='bbox 513 1939 643 2020; x_wconf 88' lang='lat' dir='ltr'><strong>orbem,</strong></span> <span class='ocrx_word' id='word_1_135' title='bbox 677 1961 776 2025; x_wconf 90' lang='lat' dir='ltr'><strong>quem</strong></span> <span class='ocrx_word' id='word_1_136' title='bbox 799 1939 1132 2023; x_wconf 89' lang='lat' dir='ltr'><strong>circumscripsimus,</strong></span> <span class='ocrx_word' id='word_1_137' title='bbox 1161 1939 1306 2003; x_wconf 91' lang='lat' dir='ltr'><strong>incidere</strong></span> <span class='ocrx_word' id='word_1_138' title='bbox 1326 1958 1384 2000; x_wconf 91' lang='lat' dir='ltr'><strong>nen</strong></span> 
     </span>
     <span class='ocr_line' id='line_1_17' title="bbox 232 2038 1383 2125; baseline -0.003 -20"><span class='ocrx_word' id='word_1_139' title='bbox 232 2046 383 2125; x_wconf 76' lang='lat' dir='ltr'><strong>possunt,</strong></span> <span class='ocrx_word' id='word_1_140' title='bbox 408 2042 617 2108; x_wconf 88' lang='lat' dir='ltr'><strong>adhibendae</strong></span> <span class='ocrx_word' id='word_1_141' title='bbox 640 2041 773 2109; x_wconf 91' lang='lat' dir='ltr'><strong>omnino</strong></span> <span class='ocrx_word' id='word_1_142' title='bbox 797 2066 864 2108; x_wconf 90' lang='lat' dir='ltr'><strong>non</strong></span> <span class='ocrx_word' id='word_1_143' title='bbox 887 2043 1033 2108; x_wconf 84' lang='lat' dir='ltr'><strong>luerunt.</strong></span> <span class='ocrx_word' id='word_1_144' title='bbox 1079 2043 1169 2108; x_wconf 90' lang='lat' dir='ltr'><strong>Nam</strong></span> <span class='ocrx_word' id='word_1_145' title='bbox 1192 2063 1268 2106; x_wconf 89' lang='lat' dir='ltr'><strong>cum</strong></span> <span class='ocrx_word' id='word_1_146' title='bbox 1290 2038 1383 2105; x_wconf 86' lang='lat' dir='ltr'><strong>omnis</strong></span> 
     </span>
     <span class='ocr_line' id='line_1_18' title="bbox 232 2144 1384 2230; baseline -0.004 -23"><span class='ocrx_word' id='word_1_147' title='bbox 232 2144 314 2208; x_wconf 86' lang='lat' dir='ltr'><strong>haec</strong></span> <span class='ocrx_word' id='word_1_148' title='bbox 338 2145 488 2228; x_wconf 86' lang='lat' dir='ltr'><strong>quaestio</strong></span> <span class='ocrx_word' id='word_1_149' title='bbox 513 2145 553 2210; x_wconf 91' lang='lat' dir='ltr'><strong>de</strong></span> <span class='ocrx_word' id='word_1_150' title='bbox 582 2144 703 2209; x_wconf 89' lang='lat' dir='ltr'><strong>finibus</strong></span> <span class='ocrx_word' id='word_1_151' title='bbox 732 2152 767 2209; x_wconf 91' lang='lat' dir='ltr'><strong>et</strong></span> <span class='ocrx_word' id='word_1_152' title='bbox 795 2145 888 2230; x_wconf 89' lang='lat' dir='ltr'><strong>quasi</strong></span> <span class='ocrx_word' id='word_1_153' title='bbox 913 2145 953 2210; x_wconf 90' lang='lat' dir='ltr'><strong>de</strong></span> <span class='ocrx_word' id='word_1_154' title='bbox 982 2145 1138 2209; x_wconf 84' lang='lat' dir='ltr'><strong>extremis</strong></span> <span class='ocrx_word' id='word_1_155' title='bbox 1166 2144 1326 2208; x_wconf 88' lang='lat' dir='ltr'><strong>bonorum</strong></span> <span class='ocrx_word' id='word_1_156' title='bbox 1354 2146 1384 2202; x_wconf 91' lang='grc' dir='ltr'><strong>ιι</strong></span> 
     </span>
    </p>
   </div>
   <div class='ocr_carea' id='block_1_3' title="bbox 171 2329 1385 4264">
    <p class='ocr_par' dir='ltr' id='par_1_3' title="bbox 206 2329 1385 3848">
     <span class='ocr_line' id='line_1_19' title="bbox 206 2329 1383 2405; baseline -0.003 -20"><span class='ocrx_word' id='word_1_157' title='bbox 206 2359 208 2363; x_wconf 32' lang='grc' dir='ltr'><em>ν</em></span> <span class='ocrx_word' id='word_1_158' title='bbox 301 2331 351 2386; x_wconf 83' lang='grc'><strong>22.</strong></span> <span class='ocrx_word' id='word_1_159' title='bbox 387 2333 422 2387; x_wconf 91' lang='lat' dir='ltr'><strong>id</strong></span> <span class='ocrx_word' id='word_1_160' title='bbox 449 2333 569 2389; x_wconf 80' lang='lat' dir='ltr'><strong>efficit</strong></span> <span class='ocrx_word' id='word_1_161' title='bbox 596 2337 652 2389; x_wconf 90' lang='lat' dir='ltr'><strong>tur</strong></span> <span class='ocrx_word' id='word_1_162' title='bbox 682 2353 704 2390; x_wconf 89' lang='lat' dir='ltr'><strong>e.</strong></span> <span class='ocrx_word' id='word_1_163' title='bbox 740 2333 773 2388; x_wconf 90' lang='lat' dir='ltr'><strong>Id</strong></span> <span class='ocrx_word' id='word_1_164' title='bbox 790 2332 863 2388; x_wconf 90' lang='lat' dir='ltr'><strong>nach</strong></span> <span class='ocrx_word' id='word_1_165' title='bbox 880 2330 1128 2405; x_wconf 86' lang='lat' dir='ltr'><strong>vorausgehendem</strong></span> <span class='ocrx_word' id='word_1_166' title='bbox 1146 2332 1174 2387; x_wconf 90' lang='lat' dir='ltr'><strong>id</strong></span> <span class='ocrx_word' id='word_1_167' title='bbox 1197 2333 1288 2404; x_wconf 88' lang='lat' dir='ltr'><strong>ipsum</strong></span> <span class='ocrx_word' id='word_1_168' title='bbox 1312 2329 1383 2384; x_wconf 87' lang='lat' dir='ltr'><strong>hoho·</strong></span> 
     </span>
     <span class='ocr_line' id='line_1_20' title="bbox 232 2397 1383 2473; baseline -0.005 -17"><span class='ocrx_word' id='word_1_169' title='bbox 232 2405 306 2456; x_wconf 87' lang='lat' dir='ltr'><strong>stum</strong></span> <span class='ocrx_word' id='word_1_170' title='bbox 324 2399 362 2455; x_wconf 86' lang='lat' dir='ltr'><strong>ist</strong></span> <span class='ocrx_word' id='word_1_171' title='bbox 379 2405 499 2472; x_wconf 85' lang='lat' dir='ltr'><strong>gesetzt‚</strong></span> <span class='ocrx_word' id='word_1_172' title='bbox 527 2422 574 2457; x_wconf 94' lang='lat' dir='ltr'><strong>um</strong></span> <span class='ocrx_word' id='word_1_173' title='bbox 592 2401 645 2458; x_wconf 91' lang='lat' dir='ltr'><strong>den</strong></span> <span class='ocrx_word' id='word_1_174' title='bbox 688 2402 765 2473; x_wconf 81' lang='lat' dir='ltr'><strong>egrid</strong></span> <span class='ocrx_word' id='word_1_175' title='bbox 792 2403 863 2457; x_wconf 91' lang='lat' dir='ltr'><strong>noch</strong></span> <span class='ocrx_word' id='word_1_176' title='bbox 890 2401 967 2456; x_wconf 90' lang='lat' dir='ltr'><strong>mehr</strong></span> <span class='ocrx_word' id='word_1_177' title='bbox 992 2401 1222 2458; x_wconf 82' lang='lat' dir='ltr'><strong>hervorzuheben.</strong></span> <span class='ocrx_word' id='word_1_178' title='bbox 1257 2403 1319 2466; x_wconf 76' lang='lat'><strong>§23</strong></span> <span class='ocrx_word' id='word_1_179' title='bbox 1334 2397 1383 2451; x_wconf 88' lang='lat' dir='ltr'><strong>ista</strong></span> 
     </span>
     <span class='ocr_line' id='line_1_21' title="bbox 232 2466 1382 2542; baseline -0.005 -18"><span class='ocrx_word' id='word_1_180' title='bbox 232 2470 318 2524; x_wconf 89' lang='lat' dir='ltr'><strong>animi</strong></span> <span class='ocrx_word' id='word_1_181' title='bbox 336 2471 521 2542; x_wconf 85' lang='lat' dir='ltr'><strong>tranquillitas</strong></span> <span class='ocrx_word' id='word_1_182' title='bbox 540 2488 570 2526; x_wconf 89' lang='lat' dir='ltr'><strong>ea</strong></span> <span class='ocrx_word' id='word_1_183' title='bbox 588 2475 630 2526; x_wconf 88' lang='lat' dir='ltr'><strong>est</strong></span> <span class='ocrx_word' id='word_1_184' title='bbox 647 2471 706 2542; x_wconf 91' lang='lat' dir='ltr'><strong>ipsa</strong></span> <span class='ocrx_word' id='word_1_185' title='bbox 729 2471 810 2526; x_wconf 88' lang='lat' dir='ltr'><strong>beata</strong></span> <span class='ocrx_word' id='word_1_186' title='bbox 827 2471 893 2526; x_wconf 81' lang='lat' dir='ltr'><strong>vita.</strong></span> <span class='ocrx_word' id='word_1_187' title='bbox 929 2470 962 2524; x_wconf 92' lang='lat' dir='ltr'><strong>de</strong></span> <span class='ocrx_word' id='word_1_188' title='bbox 980 2470 1024 2526; x_wconf 86' lang='lat' dir='ltr'><strong>off.</strong></span> <span class='ocrx_word' id='word_1_189' title='bbox 1042 2470 1088 2524; x_wconf 90' lang='lat'><strong>111</strong></span> <span class='ocrx_word' id='word_1_190' title='bbox 1106 2474 1130 2536; x_wconf 87' lang='lat'><strong>3,</strong></span> <span class='ocrx_word' id='word_1_191' title='bbox 1150 2473 1182 2524; x_wconf 81' lang='lat'><strong>13</strong></span> <span class='ocrx_word' id='word_1_192' title='bbox 1199 2469 1268 2525; x_wconf 91' lang='lat' dir='ltr'><strong>illud</strong></span> <span class='ocrx_word' id='word_1_193' title='bbox 1285 2466 1382 2538; x_wconf 88' lang='lat' dir='ltr'><strong>quidem</strong></span> 
     </span>
     <span class='ocr_line' id='line_1_22' title="bbox 231 2536 1381 2622; baseline -0.002 -30"><span class='ocrx_word' id='word_1_194' title='bbox 231 2539 386 2604; x_wconf 89' lang='lat' dir='ltr'><strong>honestum,</strong></span> <span class='ocrx_word' id='word_1_195' title='bbox 423 2539 479 2594; x_wconf 93' lang='lat' dir='ltr'><strong>uod</strong></span> <span class='ocrx_word' id='word_1_196' title='bbox 495 2540 602 2620; x_wconf 87' lang='lat' dir='ltr'><strong>proprie</strong></span> <span class='ocrx_word' id='word_1_197' title='bbox 621 2557 734 2622; x_wconf 81' lang='lat' dir='ltr'><strong>vereque</strong></span> <span class='ocrx_word' id='word_1_198' title='bbox 753 2540 862 2603; x_wconf 87' lang='lat' dir='ltr'><strong>dieitur,</strong></span> <span class='ocrx_word' id='word_1_199' title='bbox 880 2539 910 2593; x_wconf 93' lang='lat' dir='ltr'><strong>id</strong></span> <span class='ocrx_word' id='word_1_200' title='bbox 927 2539 957 2594; x_wconf 86' lang='lat' dir='ltr'><strong>in</strong></span> <span class='ocrx_word' id='word_1_201' title='bbox 975 2538 1147 2610; x_wconf 86' lang='lat' dir='ltr'><strong>sapientibus</strong></span> <span class='ocrx_word' id='word_1_202' title='bbox 1165 2543 1206 2594; x_wconf 85' lang='lat' dir='ltr'><strong>est</strong></span> <span class='ocrx_word' id='word_1_203' title='bbox 1224 2537 1296 2594; x_wconf 88' lang='lat' dir='ltr'><strong>solis.</strong></span> <span class='ocrx_word' id='word_1_204' title='bbox 1313 2536 1381 2590; x_wconf 74' lang='lat' dir='ltr'><strong>rue.</strong></span> 
     </span>
     <span class='ocr_line' id='line_1_23' title="bbox 232 2603 1382 2679; baseline -0.004 -18"><span class='ocrx_word' id='word_1_205' title='bbox 232 2608 278 2661; x_wconf 89' lang='lat' dir='ltr'><strong>III</strong></span> <span class='ocrx_word' id='word_1_206' title='bbox 295 2611 336 2670; x_wconf 85' lang='grc'><strong>28,</strong></span> <span class='ocrx_word' id='word_1_207' title='bbox 356 2612 387 2661; x_wconf 83' lang='lat' dir='ltr'><strong>&#39;ll</strong></span> <span class='ocrx_word' id='word_1_208' title='bbox 432 2626 481 2678; x_wconf 80' lang='lat' dir='ltr'><strong>rgo</strong></span> <span class='ocrx_word' id='word_1_209' title='bbox 500 2608 537 2670; x_wconf 90' lang='lat' dir='ltr'><strong>1d,</strong></span> <span class='ocrx_word' id='word_1_210' title='bbox 556 2607 629 2679; x_wconf 91' lang='lat' dir='ltr'><strong>quod</strong></span> <span class='ocrx_word' id='word_1_211' title='bbox 647 2608 694 2662; x_wconf 85' lang='lat' dir='ltr'><strong>alir</strong></span> <span class='ocrx_word' id='word_1_212' title='bbox 711 2611 816 2662; x_wconf 87' lang='lat' dir='ltr'><strong>rectum</strong></span> <span class='ocrx_word' id='word_1_213' title='bbox 835 2608 977 2679; x_wconf 77' lang='lat' dir='ltr'><strong>opinantes</strong></span> <span class='ocrx_word' id='word_1_214' title='bbox 997 2607 1163 2678; x_wconf 84' lang='lat' dir='ltr'><strong>aegritudini</strong></span> <span class='ocrx_word' id='word_1_215' title='bbox 1180 2626 1208 2662; x_wconf 88' lang='lat' dir='ltr'><strong>se</strong></span> <span class='ocrx_word' id='word_1_216' title='bbox 1231 2607 1321 2662; x_wconf 67' lang='lat' dir='ltr'><strong>&#39;solent</strong></span> <span class='ocrx_word' id='word_1_217' title='bbox 1344 2603 1382 2656; x_wconf 93' lang='lat' dir='ltr'><strong>de·</strong></span> 
     </span>
     <span class='ocr_line' id='line_1_24' title="bbox 232 2671 1383 2748; baseline -0.003 -19"><span class='ocrx_word' id='word_1_218' title='bbox 232 2675 302 2738; x_wconf 85' lang='lat' dir='ltr'><strong>dere,</strong></span> <span class='ocrx_word' id='word_1_219' title='bbox 320 2675 349 2729; x_wconf 88' lang='lat' dir='ltr'><strong>id</strong></span> <span class='ocrx_word' id='word_1_220' title='bbox 367 2675 397 2730; x_wconf 92' lang='lat' dir='ltr'><strong>hi</strong></span> <span class='ocrx_word' id='word_1_221' title='bbox 480 2694 494 2732; x_wconf 91' lang='lat' dir='ltr'><strong>e</strong></span> <span class='ocrx_word' id='word_1_222' title='bbox 511 2679 641 2748; x_wconf 87' lang='lat' dir='ltr'><strong>putantes</strong></span> <span class='ocrx_word' id='word_1_223' title='bbox 660 2676 859 2748; x_wconf 80' lang='lat' dir='ltr'><strong>aegritudinem</strong></span> <span class='ocrx_word' id='word_1_224' title='bbox 877 2677 1062 2748; x_wconf 88' lang='lat' dir='ltr'><strong>reppulerunt.</strong></span> <span class='ocrx_word' id='word_1_225' title='bbox 1080 2675 1258 2732; x_wconf 81' lang='lat' dir='ltr'><strong>Gewiihnlich</strong></span> <span class='ocrx_word' id='word_1_226' title='bbox 1270 2675 1331 2730; x_wconf 89' lang='lat' dir='ltr'><strong>tritt</strong></span> <span class='ocrx_word' id='word_1_227' title='bbox 1346 2671 1383 2726; x_wconf 85' lang='lat' dir='ltr'><strong>die</strong></span> 
     </span>
     <span class='ocr_line' id='line_1_25' title="bbox 231 2743 1381 2816; baseline -0.003 -18"><span class='ocrx_word' id='word_1_228' title='bbox 231 2743 444 2815; x_wconf 87' lang='lat' dir='ltr'><strong>Wiederholung</strong></span> <span class='ocrx_word' id='word_1_229' title='bbox 481 2763 509 2800; x_wconf 83' lang='lat' dir='ltr'><strong>es</strong></span> <span class='ocrx_word' id='word_1_230' title='bbox 526 2747 697 2800; x_wconf 91' lang='lat' dir='ltr'><strong>Pronomens</strong></span> <span class='ocrx_word' id='word_1_231' title='bbox 714 2744 774 2807; x_wconf 89' lang='lat' dir='ltr'><strong>ein,</strong></span> <span class='ocrx_word' id='word_1_232' title='bbox 799 2764 840 2800; x_wconf 86' lang='lat' dir='ltr'><strong>wo</strong></span> <span class='ocrx_word' id='word_1_233' title='bbox 858 2765 885 2800; x_wconf 90' lang='lat' dir='ltr'><strong>es</strong></span> <span class='ocrx_word' id='word_1_234' title='bbox 903 2745 962 2800; x_wconf 86' lang='lat' dir='ltr'><strong>sich</strong></span> <span class='ocrx_word' id='word_1_235' title='bbox 980 2765 1027 2801; x_wconf 92' lang='lat' dir='ltr'><strong>um</strong></span> <span class='ocrx_word' id='word_1_236' title='bbox 1045 2745 1216 2816; x_wconf 83' lang='lat' dir='ltr'><strong>Gegensiitze</strong></span> <span class='ocrx_word' id='word_1_237' title='bbox 1233 2743 1348 2803; x_wconf 84' lang='lat' dir='ltr'><strong>handelt,</strong></span> <span class='ocrx_word' id='word_1_238' title='bbox 1363 2758 1381 2794; x_wconf 87' lang='lat' dir='ltr'><strong>s.</strong></span> 
     </span>
     <span class='ocr_line' id='line_1_26' title="bbox 232 2812 1382 2892; baseline -0.001 -26"><span class='ocrx_word' id='word_1_239' title='bbox 232 2831 267 2867; x_wconf 82' lang='lat' dir='ltr'><strong>au</strong></span> <span class='ocrx_word' id='word_1_240' title='bbox 283 2813 314 2866; x_wconf 95' lang='grc' dir='ltr'>Π</span> <span class='ocrx_word' id='word_1_241' title='bbox 333 2817 373 2876; x_wconf 84' lang='grc'><strong>13,</strong></span> <span class='ocrx_word' id='word_1_242' title='bbox 392 2817 434 2866; x_wconf 79' lang='grc'><strong>42.</strong></span> <span class='ocrx_word' id='word_1_243' title='bbox 503 2813 552 2868; x_wconf 81' lang='lat' dir='ltr'><strong>Ad</strong></span> <span class='ocrx_word' id='word_1_244' title='bbox 571 2832 627 2868; x_wconf 89' lang='lat' dir='ltr'><strong>eas</strong></span> <span class='ocrx_word' id='word_1_245' title='bbox 646 2814 733 2868; x_wconf 91' lang='lat' dir='ltr'><strong>enim</strong></span> <span class='ocrx_word' id='word_1_246' title='bbox 750 2832 804 2868; x_wconf 88' lang='lat' dir='ltr'><strong>res</strong></span> <span class='ocrx_word' id='word_1_247' title='bbox 821 2814 950 2868; x_wconf 81' lang='lat' dir='ltr'><strong>referre</strong></span> <span class='ocrx_word' id='word_1_248' title='bbox 968 2818 1017 2869; x_wconf 90' lang='lat' dir='ltr'><strong>etc.</strong></span> <span class='ocrx_word' id='word_1_249' title='bbox 1035 2814 1100 2869; x_wconf 90' lang='lat' dir='ltr'><strong>Wer</strong></span> <span class='ocrx_word' id='word_1_250' title='bbox 1118 2815 1191 2869; x_wconf 87' lang='lat' dir='ltr'><strong>scine</strong></span> <span class='ocrx_word' id='word_1_251' title='bbox 1208 2812 1382 2892; x_wconf 70' lang='lat' dir='ltr'><strong>Handlunqen</strong></span> 
     </span>
     <span class='ocr_line' id='line_1_27' title="bbox 233 2880 1381 2945; baseline -0.003 -11"><span class='ocrx_word' id='word_1_252' title='bbox 233 2880 367 2936; x_wconf 86' lang='lat' dir='ltr'><strong>entweder</strong></span> <span class='ocrx_word' id='word_1_253' title='bbox 384 2882 455 2937; x_wconf 89' lang='lat' dir='ltr'><strong>nach</strong></span> <span class='ocrx_word' id='word_1_254' title='bbox 473 2880 520 2936; x_wconf 88' lang='lat' dir='ltr'><strong>der</strong></span> <span class='ocrx_word' id='word_1_255' title='bbox 538 2882 715 2937; x_wconf 86' lang='lat' dir='ltr'><strong>Schmerzlos&#39;</strong></span> <span class='ocrx_word' id='word_1_256' title='bbox 737 2882 811 2945; x_wconf 88' lang='lat' dir='ltr'><strong>keit,</strong></span> <span class='ocrx_word' id='word_1_257' title='bbox 831 2882 873 2937; x_wconf 91' lang='lat' dir='ltr'><strong>die</strong></span> <span class='ocrx_word' id='word_1_258' title='bbox 891 2881 961 2945; x_wconf 90' lang='lat' dir='ltr'><strong>den,</strong></span> <span class='ocrx_word' id='word_1_259' title='bbox 992 2883 1039 2938; x_wconf 85' lang='lat' dir='ltr'><strong>der</strong></span> <span class='ocrx_word' id='word_1_260' title='bbox 1055 2900 1120 2937; x_wconf 86' lang='lat' dir='ltr'><strong>vom</strong></span> <span class='ocrx_word' id='word_1_261' title='bbox 1136 2883 1264 2938; x_wconf 82' lang='lat' dir='ltr'><strong>Sehmera</strong></span> <span class='ocrx_word' id='word_1_262' title='bbox 1282 2880 1330 2937; x_wconf 82' lang='lat' dir='ltr'><strong>frei</strong></span> <span class='ocrx_word' id='word_1_263' title='bbox 1344 2881 1381 2939; x_wconf 84' lang='lat' dir='ltr'><strong>rat,</strong></span> 
     </span>
     <span class='ocr_line' id='line_1_28' title="bbox 232 2947 1381 3015; baseline -0.003 -13"><span class='ocrx_word' id='word_1_264' title='bbox 232 2949 262 3002; x_wconf 92' lang='lat' dir='ltr'><strong>in</strong></span> <span class='ocrx_word' id='word_1_265' title='bbox 280 2949 332 3004; x_wconf 91' lang='lat' dir='ltr'><strong>den</strong></span> <span class='ocrx_word' id='word_1_266' title='bbox 349 2949 441 3004; x_wconf 88' lang='lat' dir='ltr'><strong>Besitz</strong></span> <span class='ocrx_word' id='word_1_267' title='bbox 460 2950 506 3005; x_wconf 88' lang='lat' dir='ltr'><strong>des</strong></span> <span class='ocrx_word' id='word_1_268' title='bbox 524 2951 658 3006; x_wconf 82' lang='lat' dir='ltr'><strong>ho&#39;chsten</strong></span> <span class='ocrx_word' id='word_1_269' title='bbox 676 2951 721 3006; x_wconf 66' lang='lat' dir='ltr'><strong>(lu</strong></span> <span class='ocrx_word' id='word_1_270' title='bbox 735 2969 762 3005; x_wconf 88' lang='lat' dir='ltr'><strong>es</strong></span> <span class='ocrx_word' id='word_1_271' title='bbox 779 2954 916 3006; x_wconf 81' lang='lat' dir='ltr'><strong>versetzen</strong></span> <span class='ocrx_word' id='word_1_272' title='bbox 934 2951 1000 3015; x_wconf 89' lang='lat' dir='ltr'><strong>soll,</strong></span> <span class='ocrx_word' id='word_1_273' title='bbox 1028 2951 1093 3006; x_wconf 86' lang='lat' dir='ltr'><strong>oder</strong></span> <span class='ocrx_word' id='word_1_274' title='bbox 1110 2951 1180 3006; x_wconf 90' lang='lat' dir='ltr'><strong>nach</strong></span> <span class='ocrx_word' id='word_1_275' title='bbox 1199 2951 1247 3006; x_wconf 90' lang='lat' dir='ltr'><strong>der</strong></span> <span class='ocrx_word' id='word_1_276' title='bbox 1264 2951 1332 3006; x_wconf 81' lang='lat' dir='ltr'><strong>Lust</strong></span> <span class='ocrx_word' id='word_1_277' title='bbox 1347 2947 1381 3001; x_wconf 85' lang='lat' dir='ltr'><strong>be</strong></span> 
     </span>
     <span class='ocr_line' id='line_1_29' title="bbox 234 3014 1382 3082; baseline -0.002 -11"><span class='ocrx_word' id='word_1_278' title='bbox 234 3017 349 3082; x_wconf 88' lang='lat' dir='ltr'><strong>stimmt‚</strong></span> <span class='ocrx_word' id='word_1_279' title='bbox 368 3017 412 3072; x_wconf 91' lang='lat' dir='ltr'><strong>die</strong></span> <span class='ocrx_word' id='word_1_280' title='bbox 429 3019 489 3074; x_wconf 89' lang='lat' dir='ltr'><strong>sich</strong></span> <span class='ocrx_word' id='word_1_281' title='bbox 506 3020 559 3074; x_wconf 89' lang='lat' dir='ltr'><strong>mit</strong></span> <span class='ocrx_word' id='word_1_282' title='bbox 577 3019 640 3074; x_wconf 88' lang='lat' dir='ltr'><strong>dem</strong></span> <span class='ocrx_word' id='word_1_283' title='bbox 658 3019 912 3076; x_wconf 89' lang='lat' dir='ltr'><strong>unbedeutendsten</strong></span> <span class='ocrx_word' id='word_1_284' title='bbox 929 3020 1008 3076; x_wconf 78' lang='lat' dir='ltr'><strong>Theil</strong></span> <span class='ocrx_word' id='word_1_285' title='bbox 1024 3037 1137 3077; x_wconf 87' lang='lat' dir='ltr'><strong>unserer</strong></span> <span class='ocrx_word' id='word_1_286' title='bbox 1154 3020 1248 3074; x_wconf 85' lang='lat' dir='ltr'><strong>Natnr</strong></span> <span class='ocrx_word' id='word_1_287' title='bbox 1275 3014 1382 3074; x_wconf 77' lang='lat' dir='ltr'><strong>besehtf-</strong></span> 
     </span>
     <span class='ocr_line' id='line_1_30' title="bbox 234 3085 1382 3154; baseline -0.003 -14"><span class='ocrx_word' id='word_1_288' title='bbox 234 3087 256 3140; x_wconf 93' lang='lat' dir='ltr'><strong>ti</strong></span> <span class='ocrx_word' id='word_1_289' title='bbox 277 3089 297 3150; x_wconf 89' lang='lat' dir='ltr'><strong>t,</strong></span> <span class='ocrx_word' id='word_1_290' title='bbox 316 3085 364 3141; x_wconf 87' lang='lat' dir='ltr'><strong>der</strong></span> <span class='ocrx_word' id='word_1_291' title='bbox 375 3086 545 3152; x_wconf 84' lang='lat' dir='ltr'><strong>verdunkelt,</strong></span> <span class='ocrx_word' id='word_1_292' title='bbox 564 3107 612 3144; x_wconf 90' lang='lat' dir='ltr'><strong>um</strong></span> <span class='ocrx_word' id='word_1_293' title='bbox 621 3087 700 3144; x_wconf 88' lang='lat' dir='ltr'><strong>nieht</strong></span> <span class='ocrx_word' id='word_1_294' title='bbox 717 3107 752 3142; x_wconf 87' lang='lat' dir='ltr'><strong>zu</strong></span> <span class='ocrx_word' id='word_1_295' title='bbox 770 3107 800 3144; x_wconf 86' lang='lat' dir='ltr'><strong>sa</strong></span> <span class='ocrx_word' id='word_1_296' title='bbox 820 3107 861 3154; x_wconf 90' lang='grc' dir='ltr'>ιιι,</span> <span class='ocrx_word' id='word_1_297' title='bbox 880 3089 994 3144; x_wconf 86' lang='lat' dir='ltr'><strong>befleckt</strong></span> <span class='ocrx_word' id='word_1_298' title='bbox 1012 3089 1081 3144; x_wconf 89' lang='lat' dir='ltr'><strong>allen</strong></span> <span class='ocrx_word' id='word_1_299' title='bbox 1092 3089 1179 3144; x_wconf 78' lang='lat' dir='ltr'><strong>Glanz</strong></span> <span class='ocrx_word' id='word_1_300' title='bbox 1197 3088 1244 3143; x_wconf 91' lang='lat' dir='ltr'><strong>der</strong></span> <span class='ocrx_word' id='word_1_301' title='bbox 1257 3085 1382 3143; x_wconf 87' lang='lat' dir='ltr'><strong>sittliehen</strong></span> 
     </span>
     <span class='ocr_line' id='line_1_31' title="bbox 267 3154 1382 3230; baseline 0 -20"><span class='ocrx_word' id='word_1_302' title='bbox 267 3154 343 3211; x_wconf 87' lang='lat' dir='ltr'><strong>iirde.</strong></span> <span class='ocrx_word' id='word_1_303' title='bbox 361 3157 512 3212; x_wconf 86' lang='lat' dir='ltr'><strong>Denselben</strong></span> <span class='ocrx_word' id='word_1_304' title='bbox 529 3157 686 3221; x_wconf 77' lang='lat' dir='ltr'><strong>Gadanlren,</strong></span> <span class='ocrx_word' id='word_1_305' title='bbox 706 3157 769 3212; x_wconf 88' lang='lat' dir='ltr'><strong>aber</strong></span> <span class='ocrx_word' id='word_1_306' title='bbox 816 3176 883 3222; x_wconf 87' lang='lat' dir='ltr'><strong>arar,</strong></span> <span class='ocrx_word' id='word_1_307' title='bbox 902 3158 1007 3230; x_wconf 89' lang='lat' dir='ltr'><strong>spricht</strong></span> <span class='ocrx_word' id='word_1_308' title='bbox 1025 3157 1080 3212; x_wconf 78' lang='lat' dir='ltr'><strong>oie.</strong></span> <span class='ocrx_word' id='word_1_309' title='bbox 1099 3159 1188 3222; x_wconf 78' lang='lat'><strong>1113,</strong></span> <span class='ocrx_word' id='word_1_310' title='bbox 1207 3162 1238 3211; x_wconf 84' lang='lat'><strong>41</strong></span> <span class='ocrx_word' id='word_1_311' title='bbox 1260 3175 1317 3212; x_wconf 91' lang='lat' dir='ltr'><strong>aus.</strong></span> <span class='ocrx_word' id='word_1_312' title='bbox 1352 3169 1382 3206; x_wconf 74' lang='lat' dir='ltr'><strong>ne</strong></span> 
     </span>
     <span class='ocr_line' id='line_1_32' title="bbox 234 3223 1383 3298; baseline 0 -21"><span class='ocrx_word' id='word_1_313' title='bbox 234 3223 346 3278; x_wconf 89' lang='lat' dir='ltr'><strong>dicam</strong></span> <span class='ocrx_word' id='word_1_314' title='bbox 374 3225 427 3280; x_wconf 85' lang='lat' dir='ltr'><strong>‘ioh</strong></span> <span class='ocrx_word' id='word_1_315' title='bbox 454 3226 623 3297; x_wconf 80' lang='lat' dir='ltr'><strong>magnicht</strong></span> <span class='ocrx_word' id='word_1_316' title='bbox 640 3227 741 3296; x_wconf 83' lang='lat' dir='ltr'><strong>sagen&#39;,</strong></span> <span class='ocrx_word' id='word_1_317' title='bbox 760 3233 816 3281; x_wconf 91' lang='lat' dir='ltr'><strong>‘um</strong></span> <span class='ocrx_word' id='word_1_318' title='bbox 835 3227 912 3282; x_wconf 89' lang='lat' dir='ltr'><strong>nieht</strong></span> <span class='ocrx_word' id='word_1_319' title='bbox 929 3246 980 3298; x_wconf 83' lang='lat' dir='ltr'><strong>gar</strong></span> <span class='ocrx_word' id='word_1_320' title='bbox 997 3246 1031 3281; x_wconf 85' lang='lat' dir='ltr'><strong>zu</strong></span> <span class='ocrx_word' id='word_1_321' title='bbox 1049 3228 1158 3296; x_wconf 86' lang='lat' dir='ltr'><strong>sagen’,</strong></span> <span class='ocrx_word' id='word_1_322' title='bbox 1185 3226 1225 3280; x_wconf 91' lang='lat' dir='ltr'><strong>im</strong></span> <span class='ocrx_word' id='word_1_323' title='bbox 1243 3226 1325 3280; x_wconf 84' lang='lat' dir='ltr'><strong>Sinne</strong></span> <span class='ocrx_word' id='word_1_324' title='bbox 1340 3239 1383 3276; x_wconf 84' lang='lat' dir='ltr'><strong>von</strong></span> 
     </span>
     <span class='ocr_line' id='line_1_33' title="bbox 232 3291 1382 3364; baseline -0.004 -17"><span class='ocrx_word' id='word_1_325' title='bbox 232 3311 315 3364; x_wconf 90' lang='lat' dir='ltr'><strong>prope</strong></span> <span class='ocrx_word' id='word_1_326' title='bbox 334 3293 464 3358; x_wconf 85' lang='lat' dir='ltr'><strong>dixerim,</strong></span> <span class='ocrx_word' id='word_1_327' title='bbox 492 3296 567 3350; x_wconf 91' lang='lat' dir='ltr'><strong>steht</strong></span> <span class='ocrx_word' id='word_1_328' title='bbox 584 3297 614 3350; x_wconf 91' lang='lat' dir='ltr'><strong>in</strong></span> <span class='ocrx_word' id='word_1_329' title='bbox 632 3295 680 3350; x_wconf 89' lang='lat' dir='ltr'><strong>der</strong></span> <span class='ocrx_word' id='word_1_330' title='bbox 697 3295 818 3351; x_wconf 87' lang='lat' dir='ltr'><strong>ascensio</strong></span> <span class='ocrx_word' id='word_1_331' title='bbox 836 3296 866 3351; x_wconf 91' lang='lat' dir='ltr'><strong>in</strong></span> <span class='ocrx_word' id='word_1_332' title='bbox 884 3295 943 3351; x_wconf 88' lang='lat' dir='ltr'><strong>sich</strong></span> <span class='ocrx_word' id='word_1_333' title='bbox 961 3294 1197 3350; x_wconf 87' lang='lat' dir='ltr'><strong>ansehliessenden</strong></span> <span class='ocrx_word' id='word_1_334' title='bbox 1215 3291 1382 3350; x_wconf 82' lang='lat' dir='ltr'><strong>Satztheilen:</strong></span> 
     </span>
     <span class='ocr_line' id='line_1_34' title="bbox 233 3361 1383 3488; baseline -0.001 -70"><span class='ocrx_word' id='word_1_335' title='bbox 233 3379 323 3486; x_wconf 65' lang='lat' dir='ltr'><strong>oUrebqr</strong></span> <span class='ocrx_word' id='word_1_336' title='bbox 334 3363 467 3486; x_wconf 46' lang='grc' dir='ltr'>Ιίιίοιᾶι</span> <span class='ocrx_word' id='word_1_337' title='bbox 487 3369 503 3418; x_wconf 91' lang='grc'><strong>2</strong></span> <span class='ocrx_word' id='word_1_338' title='bbox 522 3365 656 3488; x_wconf 64' lang='lat' dir='ltr'><strong>erulqelelnqr</strong></span> <span class='ocrx_word' id='word_1_339' title='bbox 675 3364 816 3420; x_wconf 81' lang='lat' dir='ltr'><strong>Castorem</strong></span> <span class='ocrx_word' id='word_1_340' title='bbox 825 3383 893 3488; x_wconf 70' lang='lat' dir='ltr'><strong>‚Mple</strong></span> <span class='ocrx_word' id='word_1_341' title='bbox 911 3365 1005 3486; x_wconf 43' lang='lat' dir='ltr'><strong>gosp}</strong></span> <span class='ocrx_word' id='word_1_342' title='bbox 1032 3363 1192 3486; x_wconf 62' lang='lat' dir='ltr'><strong>soqueratum</strong></span> <span class='ocrx_word' id='word_1_343' title='bbox 1218 3367 1246 3486; x_wconf 69' lang='lat' dir='ltr'><strong>qt</strong></span> <span class='ocrx_word' id='word_1_344' title='bbox 1273 3361 1383 3485; x_wconf 56' lang='lat' dir='ltr'><strong>impiuiqa</strong></span> 
     </span>
     <span class='ocr_line' id='line_1_35' title="bbox 360 3449 1383 3497; baseline -0.002 -10"><span class='ocrx_word' id='word_1_345' title='bbox 360 3450 395 3487; x_wconf 92' lang='lat' dir='ltr'><strong>on</strong></span> <span class='ocrx_word' id='word_1_346' title='bbox 432 3451 542 3488; x_wconf 83' lang='lat' dir='ltr'><strong>rcams.</strong></span> <span class='ocrx_word' id='word_1_347' title='bbox 591 3452 607 3488; x_wconf 84' lang='lat' dir='ltr'><strong>a</strong></span> <span class='ocrx_word' id='word_1_348' title='bbox 663 3451 812 3488; x_wconf 74' lang='lat' dir='ltr'><strong>curor..</strong></span> <span class='ocrx_word' id='word_1_349' title='bbox 885 3474 951 3497; x_wconf 93' lang='lat'><strong>.,</strong></span> <span class='ocrx_word' id='word_1_350' title='bbox 1006 3474 1012 3487; x_wconf 93' lang='lat'><strong><em>.</em></strong></span> <span class='ocrx_word' id='word_1_351' title='bbox 1099 3450 1287 3487; x_wconf 84' lang='lat' dir='ltr'><strong>ceonra:</strong></span> <span class='ocrx_word' id='word_1_352' title='bbox 1326 3449 1383 3484; x_wconf 90' lang='lat' dir='ltr'><strong>e·</strong></span> 
     </span>
     <span class='ocr_line' id='line_1_36' title="bbox 232 3451 1383 3572; baseline 0.001 -19"><span class='ocrx_word' id='word_1_353' title='bbox 232 3503 304 3553; x_wconf 89' lang='lat' dir='ltr'><strong>vent.</strong></span> <span class='ocrx_word' id='word_1_354' title='bbox 322 3499 353 3554; x_wconf 94' lang='grc' dir='ltr'><strong>ΙΙ</strong></span> <span class='ocrx_word' id='word_1_355' title='bbox 370 3505 412 3564; x_wconf 87' lang='grc'><strong>39,</strong></span> <span class='ocrx_word' id='word_1_356' title='bbox 432 3506 482 3554; x_wconf 79' lang='grc'><strong>114</strong></span> <span class='ocrx_word' id='word_1_357' title='bbox 500 3520 568 3572; x_wconf 91' lang='lat' dir='ltr'><strong>quos</strong></span> <span class='ocrx_word' id='word_1_358' title='bbox 586 3505 681 3557; x_wconf 88' lang='lat' dir='ltr'><strong>contra</strong></span> <span class='ocrx_word' id='word_1_359' title='bbox 700 3453 833 3557; x_wconf 72' lang='lat' dir='ltr'><strong>dicatpde</strong></span> <span class='ocrx_word' id='word_1_360' title='bbox 852 3502 896 3556; x_wconf 86' lang='lat' dir='ltr'><strong>off.</strong></span> <span class='ocrx_word' id='word_1_361' title='bbox 915 3503 931 3556; x_wconf 94' lang='lat' dir='ltr'>I</span> <span class='ocrx_word' id='word_1_362' title='bbox 949 3506 990 3565; x_wconf 80' lang='lat'><strong>15,</strong></span> <span class='ocrx_word' id='word_1_363' title='bbox 1003 3505 1037 3554; x_wconf 85' lang='grc'><strong>49</strong></span> <span class='ocrx_word' id='word_1_364' title='bbox 1055 3451 1133 3571; x_wconf 82' lang='lat' dir='ltr'><strong>quods</strong></span> <span class='ocrx_word' id='word_1_365' title='bbox 1147 3506 1243 3557; x_wconf 90' lang='lat' dir='ltr'><strong>contra</strong></span> <span class='ocrx_word' id='word_1_366' title='bbox 1261 3501 1294 3555; x_wconf 90' lang='lat' dir='ltr'><strong>fit</strong></span> <span class='ocrx_word' id='word_1_367' title='bbox 1310 3519 1325 3554; x_wconf 86' lang='lat' dir='ltr'><strong>a</strong></span> <span class='ocrx_word' id='word_1_368' title='bbox 1340 3497 1383 3568; x_wconf 79' lang='lat' dir='ltr'><strong>ple·</strong></span> 
     </span>
     <span class='ocr_line' id='line_1_37' title="bbox 231 3568 1385 3711; baseline -0.005 -20"><span class='ocrx_word' id='word_1_369' title='bbox 231 3568 344 3708; x_wconf 64' lang='lat' dir='ltr'><strong>aare</strong></span> <span class='ocrx_word' id='word_1_370' title='bbox 362 3569 1385 3711; x_wconf 49' lang='lat' dir='ltr'><strong>terenteterruissentPeenetraderer</strong></span> 
     </span>
     <span class='ocr_line' id='line_1_38' title="bbox 234 3706 1384 3778; baseline 0.001 -19"><span class='ocrx_word' id='word_1_371' title='bbox 234 3706 336 3761; x_wconf 83' lang='lat' dir='ltr'><strong>invent.</strong></span> <span class='ocrx_word' id='word_1_372' title='bbox 348 3707 378 3760; x_wconf 94' lang='lat' dir='ltr'><strong>II</strong></span> <span class='ocrx_word' id='word_1_373' title='bbox 393 3711 433 3769; x_wconf 91' lang='grc'><strong>12,</strong></span> <span class='ocrx_word' id='word_1_374' title='bbox 446 3711 499 3774; x_wconf 86' lang='grc'><strong>40).</strong></span> <span class='ocrx_word' id='word_1_375' title='bbox 518 3707 603 3762; x_wconf 75' lang='lat' dir='ltr'><strong>Otsar</strong></span> <span class='ocrx_word' id='word_1_376' title='bbox 621 3708 766 3762; x_wconf 84' lang='lat' dir='ltr'><strong>stellt&#39;nur</strong></span> <span class='ocrx_word' id='word_1_377' title='bbox 783 3709 855 3763; x_wconf 90' lang='lat' dir='ltr'><strong>inter</strong></span> <span class='ocrx_word' id='word_1_378' title='bbox 873 3707 935 3763; x_wconf 91' lang='lat' dir='ltr'><strong>dem</strong></span> <span class='ocrx_word' id='word_1_379' title='bbox 951 3707 1210 3778; x_wconf 82' lang='lat' dir='ltr'><strong>Beziehungsworte</strong></span> <span class='ocrx_word' id='word_1_380' title='bbox 1229 3708 1313 3762; x_wconf 88' lang='lat' dir='ltr'><strong>nach:</strong></span> <span class='ocrx_word' id='word_1_381' title='bbox 1332 3708 1353 3760; x_wconf 88' lang='lat' dir='ltr'><strong>b.</strong></span> <span class='ocrx_word' id='word_1_382' title='bbox 1363 3721 1384 3772; x_wconf 81' lang='lat' dir='ltr'><strong>g·</strong></span> 
     </span>
     <span class='ocr_line' id='line_1_39' title="bbox 233 3772 1036 3848; baseline 0.001 -20"><span class='ocrx_word' id='word_1_383' title='bbox 233 3772 273 3828; x_wconf 78' lang='lat' dir='ltr'><strong>VI</strong></span> <span class='ocrx_word' id='word_1_384' title='bbox 290 3779 332 3840; x_wconf 86' lang='grc'><strong>36,</strong></span> <span class='ocrx_word' id='word_1_385' title='bbox 351 3779 375 3828; x_wconf 87' lang='grc'><strong>2.</strong></span> <span class='ocrx_word' id='word_1_386' title='bbox 394 3777 450 3830; x_wconf 88' lang='lat' dir='ltr'><strong>VH</strong></span> <span class='ocrx_word' id='word_1_387' title='bbox 468 3780 509 3842; x_wconf 79' lang='lat'><strong>33,</strong></span> <span class='ocrx_word' id='word_1_388' title='bbox 528 3781 553 3831; x_wconf 89' lang='grc'><strong>2.</strong></span> <span class='ocrx_word' id='word_1_389' title='bbox 590 3777 617 3831; x_wconf 87' lang='lat' dir='ltr'><strong>b.</strong></span> <span class='ocrx_word' id='word_1_390' title='bbox 635 3793 657 3831; x_wconf 82' lang='lat' dir='ltr'><strong>o.</strong></span> <span class='ocrx_word' id='word_1_391' title='bbox 675 3778 720 3832; x_wconf 90' lang='grc' dir='ltr'><strong>ΙΠ</strong></span> <span class='ocrx_word' id='word_1_392' title='bbox 738 3781 762 3840; x_wconf 84' lang='grc'><strong>6,</strong></span> <span class='ocrx_word' id='word_1_393' title='bbox 781 3782 805 3831; x_wconf 89' lang='grc'><strong>3.</strong></span> <span class='ocrx_word' id='word_1_394' title='bbox 825 3778 926 3848; x_wconf 77' lang='lat' dir='ltr'><strong>Zumpt</strong></span> <span class='ocrx_word' id='word_1_395' title='bbox 944 3780 957 3843; x_wconf 71' lang='grc'><strong>5</strong></span> <span class='ocrx_word' id='word_1_396' title='bbox 976 3781 1036 3830; x_wconf 80' lang='grc'><strong>324.</strong></span> 
     </span>
    </p>

    <p class='ocr_par' dir='ltr' id='par_1_4' title="bbox 171 3843 1384 4244">
     <span class='ocr_line' id='line_1_40' title="bbox 307 3843 1383 3918; baseline -0.004 -20"><span class='ocrx_word' id='word_1_397' title='bbox 307 3843 358 3898; x_wconf 75' lang='lat'><strong>23.</strong></span> <span class='ocrx_word' id='word_1_398' title='bbox 394 3844 614 3902; x_wconf 86' lang='lat' dir='ltr'><strong>Democritus</strong></span> <span class='ocrx_word' id='word_1_399' title='bbox 633 3864 654 3900; x_wconf 90' lang='lat' dir='ltr'><strong>s.</strong></span> <span class='ocrx_word' id='word_1_400' title='bbox 673 3865 707 3900; x_wconf 88' lang='lat' dir='ltr'><strong>zu</strong></span> <span class='ocrx_word' id='word_1_401' title='bbox 724 3847 739 3900; x_wconf 89' lang='lat'>1</span> <span class='ocrx_word' id='word_1_402' title='bbox 757 3851 781 3910; x_wconf 83' lang='lat'><strong>6,</strong></span> <span class='ocrx_word' id='word_1_403' title='bbox 801 3849 842 3900; x_wconf 81' lang='grc'><strong>11.</strong></span> <span class='ocrx_word' id='word_1_404' title='bbox 886 3864 985 3916; x_wconf 92' lang='lat' dir='ltr'><strong>quam</strong></span> <span class='ocrx_word' id='word_1_405' title='bbox 1003 3844 1181 3917; x_wconf 89' lang='lat' dir='ltr'><strong>appellant</strong></span> <span class='ocrx_word' id='word_1_406' title='bbox 1199 3844 1383 3918; x_wconf 75' lang='grc' dir='ltr'>ιύθιμιαιε</span> 
     </span>
     <span class='ocr_line' id='line_1_41' title="bbox 235 3905 1384 3992; baseline -0.002 -26"><span class='ocrx_word' id='word_1_407' title='bbox 235 3912 315 3982; x_wconf 80' lang='lat' dir='ltr'><strong>Diog.</strong></span> <span class='ocrx_word' id='word_1_408' title='bbox 334 3912 426 3968; x_wconf 76' lang='lat' dir='ltr'><strong>Iraert.</strong></span> <span class='ocrx_word' id='word_1_409' title='bbox 444 3914 487 3968; x_wconf 90' lang='lat' dir='ltr'><strong>IX</strong></span> <span class='ocrx_word' id='word_1_410' title='bbox 497 3920 529 3970; x_wconf 80' lang='lat'><strong>45</strong></span> <span class='ocrx_word' id='word_1_411' title='bbox 552 3919 634 3979; x_wconf 80' lang='grc' dir='ltr'><em>τέλος</em></span> <span class='ocrx_word' id='word_1_412' title='bbox 652 3915 684 3970; x_wconf 76' lang='lat' dir='ltr'><strong>dd</strong></span> <span class='ocrx_word' id='word_1_413' title='bbox 704 3909 779 3970; x_wconf 75' lang='grc' dir='ltr'>εἶναι</span> <span class='ocrx_word' id='word_1_414' title='bbox 797 3917 874 3992; x_wconf 59' lang='grc' dir='ltr'>λέγει</span> <span class='ocrx_word' id='word_1_415' title='bbox 893 3915 1094 3988; x_wconf 82' lang='grc' dir='ltr'>(Δημόκριτος)</span> <span class='ocrx_word' id='word_1_416' title='bbox 1113 3915 1162 3984; x_wconf 75' lang='grc' dir='ltr'><strong>τὴν</strong></span> <span class='ocrx_word' id='word_1_417' title='bbox 1182 3912 1338 3987; x_wconf 78' lang='grc' dir='ltr'><strong>εὐθυμίαν,</strong></span> <span class='ocrx_word' id='word_1_418' title='bbox 1357 3905 1384 3964; x_wconf 77' lang='lat' dir='ltr'><strong>ori</strong></span> 
     </span>
     <span class='ocr_line' id='line_1_42' title="bbox 233 3973 1383 4058; baseline -0.002 -22"><span class='ocrx_word' id='word_1_419' title='bbox 233 3981 282 4050; x_wconf 77' lang='grc' dir='ltr'><strong>τὴν</strong></span> <span class='ocrx_word' id='word_1_420' title='bbox 303 3981 391 4053; x_wconf 72' lang='grc' dir='ltr'><em>αὐτὴν</em></span> <span class='ocrx_word' id='word_1_421' title='bbox 411 3973 505 4038; x_wconf 71' lang='grc' dir='ltr'><strong><em>οὖσαν</em></strong></span> <span class='ocrx_word' id='word_1_422' title='bbox 522 3992 556 4058; x_wconf 82' lang='grc' dir='ltr'><strong>τῇ</strong></span> <span class='ocrx_word' id='word_1_423' title='bbox 575 3987 682 4058; x_wconf 76' lang='grc' dir='ltr'><strong>ἡδονῇ,</strong></span> <span class='ocrx_word' id='word_1_424' title='bbox 712 3984 751 4048; x_wconf 76' lang='grc' dir='ltr'><strong>ὥς</strong></span> <span class='ocrx_word' id='word_1_425' title='bbox 770 3987 843 4039; x_wconf 81' lang='grc' dir='ltr'>ἔνιοι</span> <span class='ocrx_word' id='word_1_426' title='bbox 861 4005 901 4038; x_wconf 86' lang='grc' dir='ltr'><strong>πα</strong></span> <span class='ocrx_word' id='word_1_427' title='bbox 923 3983 1101 4046; x_wconf 74' lang='grc' dir='ltr'>ακούσαντις</span> <span class='ocrx_word' id='word_1_428' title='bbox 1120 3982 1304 4046; x_wconf 74' lang='grc' dir='ltr'><strong>ἐξεδέξαντο,</strong></span> <span class='ocrx_word' id='word_1_429' title='bbox 1325 3977 1383 4034; x_wconf 79' lang='grc' dir='ltr'><strong>ἀλλὰ</strong></span> 
     </span>
     <span class='ocr_line' id='line_1_43' title="bbox 234 4005 1384 4138; baseline -0.003 -34"><span class='ocrx_word' id='word_1_430' title='bbox 234 4049 303 4104; x_wconf 72' lang='grc' dir='ltr'><strong>καθ’</strong></span> <span class='ocrx_word' id='word_1_431' title='bbox 324 4049 365 4136; x_wconf 38' lang='grc' dir='ltr'><strong>ἢν]</strong></span> <span class='ocrx_word' id='word_1_432' title='bbox 395 4054 571 4123; x_wconf 65' lang='lat' dir='ltr'><strong>aequoreae</strong></span> <span class='ocrx_word' id='word_1_433' title='bbox 590 4054 782 4138; x_wconf 62' lang='lat' dir='ltr'><strong>odorcdoirq‘</strong></span> <span class='ocrx_word' id='word_1_434' title='bbox 823 4054 876 4124; x_wconf 77' lang='grc' dir='ltr'><strong>υχή</strong></span> <span class='ocrx_word' id='word_1_435' title='bbox 897 4005 1008 4131; x_wconf 61' lang='lat' dir='ltr'><strong>depes,</strong></span> <span class='ocrx_word' id='word_1_436' title='bbox 1039 4053 1096 4107; x_wconf 79' lang='lat' dir='ltr'><strong>dno</strong></span> <span class='ocrx_word' id='word_1_437' title='bbox 1116 4073 1137 4126; x_wconf 82' lang='grc' dir='ltr'>μ</span> <span class='ocrx_word' id='word_1_438' title='bbox 1158 4051 1245 4115; x_wconf 70' lang='lat' dir='ltr'><strong>dordr</strong></span> <span class='ocrx_word' id='word_1_439' title='bbox 1263 4066 1384 4125; x_wconf 81' lang='grc' dir='ltr'><strong><em>ταραττο-</em></strong></span> 
     </span>
     <span class='ocr_line' id='line_1_44' title="bbox 171 4069 1384 4244; baseline -0.002 -70"><span class='ocrx_word' id='word_1_440' title='bbox 171 4153 174 4158; x_wconf 43' lang='lat'><em>1</em></span> <span class='ocrx_word' id='word_1_441' title='bbox 234 4122 305 4194; x_wconf 79' lang='grc' dir='ltr'><em>μένη</em></span> <span class='ocrx_word' id='word_1_442' title='bbox 326 4071 422 4244; x_wconf 47' lang='lat' dir='ltr'><strong>‹seffor›</strong></span> <span class='ocrx_word' id='word_1_443' title='bbox 442 4120 458 4192; x_wconf 88' lang='grc' dir='ltr'><strong><em>ἢ</em></strong></span> <span class='ocrx_word' id='word_1_444' title='bbox 478 4123 709 4197; x_wconf 76' lang='grc' dir='ltr'><strong>δεισιδαιμονίας</strong></span> <span class='ocrx_word' id='word_1_445' title='bbox 727 4121 743 4192; x_wconf 86' lang='grc' dir='ltr'><em>ἢ</em></span> <span class='ocrx_word' id='word_1_446' title='bbox 764 4069 851 4176; x_wconf 54' lang='lat' dir='ltr'><strong>elica</strong></span> <span class='ocrx_word' id='word_1_447' title='bbox 870 4123 948 4186; x_wconf 78' lang='grc' dir='ltr'>τινὸς</span> <span class='ocrx_word' id='word_1_448' title='bbox 971 4121 1099 4184; x_wconf 77' lang='grc' dir='ltr'><strong>πάθους.</strong></span> <span class='ocrx_word' id='word_1_449' title='bbox 1136 4073 1237 4174; x_wconf 68' lang='lat' dir='ltr'><strong>denota</strong></span> <span class='ocrx_word' id='word_1_450' title='bbox 1256 4119 1289 4174; x_wconf 91' lang='lat' dir='ltr'><strong>de</strong></span> <span class='ocrx_word' id='word_1_451' title='bbox 1306 4123 1384 4182; x_wconf 73' lang='lat' dir='ltr'><strong>osne.</strong></span> 
     </span>
    </p>

    <p class='ocr_par' dir='ltr' id='par_1_5' title="bbox 234 4185 1384 4264">
     <span class='ocr_line' id='line_1_45' title="bbox 234 4185 1384 4264; baseline -0.003 -22"><span class='ocrx_word' id='word_1_452' title='bbox 234 4206 277 4242; x_wconf 87' lang='lat' dir='ltr'><strong>an.</strong></span> <span class='ocrx_word' id='word_1_453' title='bbox 296 4193 350 4252; x_wconf 83' lang='grc'><strong>2,3</strong></span> <span class='ocrx_word' id='word_1_454' title='bbox 388 4207 438 4244; x_wconf 91' lang='lat' dir='ltr'><strong>ane</strong></span> <span class='ocrx_word' id='word_1_455' title='bbox 457 4189 582 4245; x_wconf 88' lang='lat' dir='ltr'><strong>stabilem</strong></span> <span class='ocrx_word' id='word_1_456' title='bbox 599 4189 686 4246; x_wconf 89' lang='lat' dir='ltr'><strong>animi</strong></span> <span class='ocrx_word' id='word_1_457' title='bbox 704 4189 793 4244; x_wconf 88' lang='lat' dir='ltr'><strong>sedem</strong></span> <span class='ocrx_word' id='word_1_458' title='bbox 811 4190 909 4246; x_wconf 81' lang='lat' dir='ltr'><strong>Graeci</strong></span> <span class='ocrx_word' id='word_1_459' title='bbox 926 4189 1075 4264; x_wconf 73' lang='grc' dir='ltr'><strong>εὐθυμίαν</strong></span> <span class='ocrx_word' id='word_1_460' title='bbox 1094 4192 1202 4252; x_wconf 85' lang='lat' dir='ltr'><strong>vocant,</strong></span> <span class='ocrx_word' id='word_1_461' title='bbox 1221 4187 1254 4244; x_wconf 90' lang='lat' dir='ltr'><strong>de</strong></span> <span class='ocrx_word' id='word_1_462' title='bbox 1272 4206 1324 4258; x_wconf 88' lang='lat' dir='ltr'><strong>qua</strong></span> <span class='ocrx_word' id='word_1_463' title='bbox 1341 4185 1384 4238; x_wconf 82' lang='lat' dir='ltr'><strong>De</strong></span> 
     </span>
    </p>
   </div>
   <div class='ocr_carea' id='block_1_4' title="bbox 233 4258 1385 4399">
    <p class='ocr_par' dir='ltr' id='par_1_6' title="bbox 233 4258 1385 4399">
     <span class='ocr_line' id='line_1_46' title="bbox 233 4258 1384 4339; baseline -0.006 -28"><span class='ocrx_word' id='word_1_464' title='bbox 233 4259 343 4338; x_wconf 81' lang='lat' dir='ltr'><strong>mocriti</strong></span> <span class='ocrx_word' id='word_1_465' title='bbox 360 4259 485 4314; x_wconf 78' lang='lat' dir='ltr'><strong>volumen</strong></span> <span class='ocrx_word' id='word_1_466' title='bbox 503 4276 517 4313; x_wconf 86' lang='lat' dir='ltr'><strong>e</strong></span> <span class='ocrx_word' id='word_1_467' title='bbox 536 4258 642 4330; x_wconf 79' lang='lat' dir='ltr'><strong>regium</strong></span> <span class='ocrx_word' id='word_1_468' title='bbox 661 4262 710 4314; x_wconf 88' lang='lat' dir='ltr'><strong>est.</strong></span> <span class='ocrx_word' id='word_1_469' title='bbox 781 4259 846 4339; x_wconf 82' lang='lat' dir='ltr'><strong>iam</strong></span> <span class='ocrx_word' id='word_1_470' title='bbox 864 4278 900 4314; x_wconf 84' lang='lat' dir='ltr'><strong>ex</strong></span> <span class='ocrx_word' id='word_1_471' title='bbox 929 4259 1025 4314; x_wconf 88' lang='lat' dir='ltr'><strong>losae</strong></span> <span class='ocrx_word' id='word_1_472' title='bbox 1043 4259 1246 4338; x_wconf 86' lang='lat' dir='ltr'><strong>eiectaeque</strong></span> <span class='ocrx_word' id='word_1_473' title='bbox 1264 4258 1384 4312; x_wconf 87' lang='lat' dir='ltr'><strong>senten·</strong></span> 
     </span>
     <span class='ocr_line' id='line_1_47' title="bbox 233 4279 1385 4399; baseline 0 -18"><span class='ocrx_word' id='word_1_474' title='bbox 233 4329 305 4381; x_wconf 90' lang='lat' dir='ltr'><strong>t1ae</strong></span> <span class='ocrx_word' id='word_1_475' title='bbox 322 4331 372 4383; x_wconf 91' lang='lat' dir='ltr'><strong>ete.</strong></span> <span class='ocrx_word' id='word_1_476' title='bbox 406 4279 1269 4399; x_wconf 59' lang='lat' dir='ltr'><strong>1111,ieempyreo,Arrsmhillusiamdiuabseei.</strong></span> <span class='ocrx_word' id='word_1_477' title='bbox 1358 4322 1385 4374; x_wconf 71' lang='lat' dir='ltr'><strong>tl</strong></span> 
     </span>
    </p>
   </div>
   <div class='ocr_carea' id='block_1_5' title="bbox 0 0 1480 4950">
    <p class='ocr_par' dir='ltr' id='par_1_7' title="bbox 0 0 1480 4950">
     <span class='ocr_line' id='line_1_48' title="bbox 0 0 1480 4950; baseline 0 0"><span class='ocrx_word' id='word_1_478' title='bbox 0 0 1480 4950; x_wconf 95' lang='lat' dir='ltr'><strong> </strong></span> 
     </span>
    </p>
   </div>
  </div>
 </body>
</html>
