3020 4948
253 292 313 370 136
487 288 538 344 DE
555 287 708 364 memus
726 287 976 355 BONORUMET
994 287 1183 344 MALORUM

251 459 399 535 tionibus
422 461 564 534 honesta
586 458 692 542 aptioz
724 445 940 543 consequens
953 458 1040 532 enim
1064 465 1117 524 est
1140 467 1173 524 et
1198 465 1280 544 post
1303 459 1413 537 oritur,

251 569 291 629 ut
314 561 393 642 dixi.
440 563 503 628 Est
517 568 630 629 tamen
654 582 692 626 ea
714 561 894 631 seeundum
916 567 1069 642 naturam
1091 564 1271 648 multoque
1295 584 1356 636 nos
1376 561 1412 629 ad

253 686 287 738 se
312 663 532 754 expetendam
555 661 660 747 magis
683 663 837 732 hortatur
860 684 958 747 quam
982 663 1151 747 superiora
1179 663 1307 734 omnia.
1354 663 1414 726 Sed

253 789 294 834 ex
316 768 378 834 hoo
402 765 544 852 primum
568 786 656 834 error
679 764 849 832 tollendus
873 773 936 845 est,
964 788 1006 830 ne
1031 767 1103 851 quis
1127 767 1225 852 sequi
1250 765 1415 834 existimet

252 877 291 936 ut
314 870 379 945 duo
403 869 470 934 sint
492 868 611 937 ultima
633 868 807 934 bonorum.
831 868 880 933 Ut
903 869 990 937 enim
1013 869 1041 936 si
1064 871 1116 934 eui
1139 870 1354 956 propositum
1373 868 1415 933 sit

253 973 421 1062 ooiliniare
444 975 576 1037 hastam
600 971 709 1056 aliquo
734 978 792 1036 aut
815 971 994 1057 sagittam,
1028 973 1075 1038 sie
1106 996 1167 1038 nos
1200 973 1359 1047 ultimum
1384 971 1412 1034 in

251 1076 348 1144 bonis
372 1075 523 1143 dicimus.
559 1075 622 1162 [sio
645 1072 696 1138 illi
718 1073 827 1140 faeere
851 1075 980 1154 omnia,
1011 1097 1093 1160 quae
1116 1076 1239 1160 possit,
1265 1083 1305 1145 ut
1329 1071 1412 1140 oolli-

251 1178 348 1264 niet.]
393 1176 480 1242 Huio
504 1176 538 1240 in
561 1177 631 1241 eius
654 1176 744 1242 modi
767 1171 985 1243 similitudine
1009 1179 1118 1244 omnia
1150 1179 1222 1244 sint
1256 1176 1410 1254 saeienda,

252 1289 291 1358 ut
314 1279 475 1358 colliniet,
501 1286 536 1344 et
557 1286 670 1348 tamen
693 1286 731 1343 ut
755 1280 865 1356 omnia
886 1280 1000 1360 faeiat,
1026 1304 1089 1366 quo
1105 1282 1319 1368 propositum
1333 1301 1412 1354 asse·

253 1389 393 1466 quatur,
418 1381 463 1448 sit
485 1383 548 1446 hoo
573 1382 666 1465 quasi
688 1381 862 1462 ultimum,
896 1383 994 1466 quale
1019 1407 1079 1448 nos
1103 1407 1273 1451 summum
1296 1384 1330 1452 in
1350 1381 1411 1446 vita

252 1485 377 1564 bonum
393 1482 543 1566 dioimm,
560 1484 645 1561 illud
662 1490 783 1564 autem,
806 1492 844 1551 ut
860 1485 968 1563 feriat,
994 1486 1088 1569 quasi
1104 1485 1329 1571 seligendum,
1352 1504 1410 1548 non

229 1579 489 1672 expetendum.

340 1686 421 1750 VII.
447 1685 511 1771 (23)
536 1687 620 1770 Cnm
643 1691 752 1752 autem
777 1687 886 1752 omnia
910 1687 1020 1754 offioia
1044 1712 1063 1752 a
1086 1689 1258 1776 principiis
1284 1695 1408 1754 naturae

252 1789 515 1876 proficiscantup,
540 1791 581 1853 ab
598 1789 715 1856 iisdem
737 1811 872 1855 neeesse
897 1800 948 1858 est
970 1792 1135 1876 proficisci
1158 1793 1269 1878 ipsam
1293 1787 1407 1873 sapien·
1483 1869 1484 1888 Χ

252 1892 345 1982 tiam.
393 1891 459 1956 Sed
483 1912 580 1978 quem
604 1891 804 1958 admodum
827 1913 924 1978 saepe
949 1894 1048 1957 fitut
1079 1893 1126 1974 is,
1160 1894 1221 1979 qui
1254 1911 1407 1966 commen·

254 1995 351 2060 datus
377 1994 421 2058 sit
442 1994 554 2073 alicui,
579 1995 683 2079 pluris
707 2017 781 2060 eum
805 1995 917 2076 faeiat,
943 1994 996 2062 eui
1019 1998 1275 2076 commendatus
1286 2045 1296 2076 ,
1321 2012 1407 2078 quam

252 2099 367 2178 illum,
393 2121 411 2162 a
434 2121 499 2182 quo
523 2099 584 2176 sit,
616 2099 662 2172 sio
686 2098 820 2166 minime
843 2100 963 2168 mirum
987 2107 1049 2181 est,
1074 2100 1178 2186 primo
1203 2124 1266 2165 nos
1291 2097 1406 2184 sapien·
1480 2091 1481 2094 '

252 2202 319 2280 tiae
344 2200 567 2266 commendari
589 2202 629 2264 ab
648 2201 753 2265 initiis
769 2209 918 2280 naturae,
944 2209 1021 2285 post
1037 2209 1147 2271 autem
1164 2204 1275 2287 ipsam
1290 2199 1405 2285 sapien·
1480 2255 1481 2268 2

252 2307 334 2393 tiam
356 2305 453 2370 nobis
477 2305 635 2370 cariorem
659 2305 740 2383 fieri,
766 2328 862 2390 quam
886 2305 945 2369 illa
968 2305 1055 2384 sint,
1080 2307 1245 2390 aquibus
1269 2306 1310 2370 ad
1332 2305 1404 2368 hane
1483 2349 1484 2354 ι

252 2407 450 2473 venerimus.
497 2411 610 2490 Atque
635 2413 671 2470 ut
694 2407 843 2471 membra
865 2408 960 2471 nobis
993 2409 1040 2472 ita
1064 2409 1142 2472 data
1173 2412 1275 2488 sunt,
1308 2398 1405 2469 used

254 2511 418 2595 quandam
441 2510 605 2577 rationem
629 2509 763 2573 vivendi
785 2509 862 2574 data
887 2531 958 2574 esse
982 2521 1156 2596 appareat,
1182 2513 1233 2577 sio
1257 2503 1403 2595 appetitio
1478 2541 1479 2558 ι

324 2748 373 2802 22.
410 2749 454 2803 Ut
472 2749 558 2804 enim
577 2750 605 2802 si
624 2749 680 2803 aui
706 2753 756 2804 eto.
793 2751 844 2804 Die
862 2750 971 2806 Stoiker
987 2770 1034 2807 ver
1053 2752 1141 2808 lichen
1159 2754 1240 2809 einen
1258 2747 1402 2808 Mensohen
1479 2747 1484 2788 ἶ

254 2818 301 2872 der
319 2817 363 2872 die
380 2836 434 2871 von
451 2817 543 2872 Natur
561 2821 652 2873 auerst
669 2817 819 2888 begehrten
837 2819 927 2889 Dioge
950 2771 1081 2876 erstroite
1103 2822 1160 2877 und
1183 2823 1272 2878 dieses
1289 2819 1402 2875 Umstan·
1478 2847 1480 2890 i

254 2887 300 2941 des
319 2885 415 2942 halber
432 2886 495 2940 alles
513 2886 593 2950 that,
612 2885 664 2941 mit
681 2887 784 2952 einem,
812 2887 859 2942 der
878 2889 935 2943 sioh
953 2907 1001 2943 vor
1022 2909 1164 2946 enommen
1181 2891 1279 2954 hatte,
1306 2887 1346 2942 ein
1361 2882 1402 2937 Ge·
1478 2909 1479 2912 ¹

255 2955 347 3009 sohoos
357 2955 453 3026 irgend
471 2955 563 3010 wohin
580 2955 609 3010 in
626 2955 738 3026 genader
749 2956 893 3028 Riohtnng
910 2977 944 3012 zu
962 2908 1053 3022 zieien,
1072 2959 1137 3014 dh.
1157 2979 1187 3014 so
1205 2981 1242 3016 zu
1261 2951 1402 3015 entsenden

254 3023 317 3078 dass
336 3041 364 3078 es
382 3023 485 3095 riohtig
503 3023 588 3079 dahin
605 3024 741 3096 gelangte.
776 3025 871 3082 Daher
895 3031 992 3098 sagten
1019 3028 1073 3093 sie,
1101 3029 1145 3083 ein
1172 3030 1278 3084 soloher
1303 3017 1402 3082 Menseh
1477 3083 1478 3086 ,

254 3111 338 3156 muse,
356 3111 404 3147 um
423 3092 471 3148 das
490 3091 623 3148 Gesohose
642 3113 676 3148 zu
694 3093 785 3159 aialon,
804 3094 868 3150 alles
886 3097 974 3160 thun;
998 3114 1076 3151 wenn
1094 3115 1122 3152 er
1140 3098 1234 3152 seinen
1251 3091 1359 3152 Antheil
1373 3103 1402 3143 an
1477 3123 1478 3128 =

255 3161 302 3216 der
313 3161 466 3232 Handlung
478 3161 581 3226 eriiilit,
601 3181 630 3216 so
641 3163 730 3219 werde
743 3181 770 3217 er
789 3163 838 3217 das
851 3165 906 3219 Ziel
924 3165 1073 3232 erreiohem
1087 3165 1172 3237 jones,
1191 3166 1282 3222 demit
1299 3181 1327 3220 es
1343 3153 1402 3212 auoh
1477 3221 1478 3224 Ἴ

254 3230 333 3294 triifa,
352 3231 443 3286 missae
455 3250 489 3285 zu
500 3231 605 3286 vahlen
624 3232 681 3286 sein
700 3235 855 3305 (ληπτέον),
874 3233 923 3288 wie
940 3234 983 3288 die
996 3235 1105 3289 Stoiker
1121 3254 1175 3290 von
1193 3235 1248 3291 den
1260 3224 1401 3288 vortheilen
1476 3263 1477 3302 3

253 3299 311 3362 und
330 3299 382 3354 den
398 3319 453 3356 von
470 3301 563 3356 Natur
580 3303 670 3356 zuerst
697 3300 844 3372 begehrten
868 3303 904 3357 Di
945 3322 979 3358 en
1006 3307 1119 3374 sagien,
1147 3303 1226 3360 nieht
1252 3323 1286 3358 zu
1310 3293 1401 3354 wihlen

254 3371 300 3435 (αἱ
317 3371 408 3436 sedeo)
429 3369 476 3424 wie
494 3369 539 3423 ein
556 3369 623 3424 eut.
642 3369 759 3435 (Madv.)
831 3371 879 3424 oio
897 3372 921 3426 il
941 3373 951 3426 i
970 3402 1002 3412 -
1021 3372 1187 3442 oolliniet.
1224 3373 1303 3428 Diese
1320 3363 1400 3419 worn
1475 3375 1479 3428 ἕ

255 3391 396 3492 entialten
413 3456 466 3492 nur
484 3438 542 3492 eine
560 3437 780 3508 Umsohreibung
803 3438 849 3493 des
876 3441 942 3495 eben
969 3442 1218 3512 ausgesproohonen
1246 3434 1399 3505 Godankena

254 3505 345 3562 Huio
362 3506 446 3561 naml.
464 3506 525 3561 dem
544 3507 688 3562 Sohiitzen.
793 3507 826 3561 in
845 3509 917 3564 eius
936 3509 1025 3565 modi
1043 3510 1276 3576 similitudine
1298 3512 1348 3559 ‘um
1364 3497 1399 3552 bo

254 3575 343 3632 einem
362 3575 470 3630 solohen
488 3575 641 3646 Gleiohniss
659 3595 694 3630 zu
710 3575 832 3631 bleiben'.

322 3664 425 3716 Ansser
442 3657 503 3717 dem
516 3661 626 3716 Sittlioh
666 3664 713 3717 ten
730 3660 788 3716 und
802 3661 1067 3719 Sittliohsohleohten
1105 3664 1160 3720 'ebt
1178 3683 1205 3719 es
1223 3663 1299 3724 keine
1315 3655 1398 3722 Dinon

255 3730 299 3784 dio
315 3733 396 3784 unter
414 3730 542 3786 einander
559 3749 635 3786 verso
655 3729 734 3788 ieden
751 3731 821 3784 sind.
857 3731 914 3785 Das
932 3731 1056 3788 ffoohote
1075 3751 1090 3787 a
1110 3751 1146 3797 er,
1164 3753 1219 3790 was
1237 3733 1284 3786 der
1297 3715 1398 3804 Meletssh

255 3798 390 3854 erreiohen
408 3799 491 3864 kann,
509 3801 547 3854 ist
564 3801 593 3855 in
612 3800 898 3870 Uebereinstimmnng
915 3799 972 3854 und
990 3801 1028 3856 im
1039 3801 1178 3874 Einklang
1196 3802 1248 3857 mit
1265 3789 1399 3868 sortiatur

254 3886 289 3921 zu
306 3864 390 3922 leben.
427 3868 519 3922 Daher
536 3869 575 3922 iat
592 3869 639 3922 der
656 3867 746 3923 Weiss
764 3871 833 3922 stete
850 3867 995 3940 gldoklioh.
1032 3871 1108 3942 (Cap.
1129 3874 1165 3938 ἵ.)
1372 3924 1377 3936 ,

324 3933 374 3992 23.
411 3935 491 3992 Cum
509 3941 621 3992 autem
649 3940 700 3992 oto.
733 3935 772 3992 Es
798 3937 869 4010 folgt
894 3936 1059 4010 keineswege
1077 3940 1137 4010 'mit
1162 3923 1397 4000 Nothwenoigked·

255 4002 327 4068 dass,
346 4003 406 4058 weil
423 4004 474 4059 alle
491 4005 628 4062 Pfliohten
645 4024 698 4061 von
717 4005 769 4062 den
787 4005 989 4062 Grundtrieben
1007 4008 1054 4063 der
1070 4008 1099 4062 N
1100 4013 1163 4064 atur
1181 4027 1230 4063 aus
1249 3989 1397 4070 ehem'ffllss?

255 4072 299 4127 di'e
316 4071 451 4128 Weisheit
468 4073 546 4130 ihren
562 4073 708 4146 Ursprung
726 4093 776 4132 ans
794 4073 885 4130 diesen
903 4074 1028 4132 nimmt'
1047 4077 1128 4132 Denn
1146 4072 1188 4132 die
1227 4068 1332 4144 ¹eisheit
1344 4063 1394 4144 'de

255 4140 355 4214 diejeni
376 4141 573 4216 eVollendung
591 4141 793 4208 derVernunft,
811 4144 908 4212 welche
927 4145 1029 4200 sowobi
1046 4145 1090 4201 die
1098 4145 1250 4202 Kenntniss
1268 4135 1396 4210 daromae

255 4210 295 4271 als
313 4217 365 4266 an*
402 4211 452 4279 elie
469 4213 621 4282 'fugenden
643 4212 778 4276 umfasst,
805 4213 843 4267 ist
870 4211 948 4268 nieht
973 4231 1027 4268 von
1053 4213 1166 4288 Anfang
1192 4215 1230 4270 im
1255 4201 1394 4286 Mensolpeq·

254 4278 295 4334 ad
314 4279 483 4350 quandam
503 4283 677 4337 rationem
694 4281 835 4336 vivendi
862 4289 904 4336 ‘zu
931 4283 1004 4352 einer
1020 4281 1197 4352 bestimmten
1213 4279 1394 4346 Lebenswtifli·
